2656 4830
126 357 176 441 dd
310 372 314 379 “
344 355 527 424 PUBLII
553 354 814 426 TERENTII
841 355 968 424 AFRI

125 490 234 557 Minas
250 487 364 556 decem
383 486 536 557 corrodet
552 486 712 557 alicunde.
726 489 782 557 Sa.
800 488 863 556 Hei
878 483 974 557 mihi!

124 596 231 663 Etiam
254 594 294 661 de
318 606 406 663 sorte
424 617 513 662 nunc
535 595 633 663 venio
649 596 684 662 in
699 593 839 663 dubium
860 596 969 663 miser.

113 701 230 790 *Pudet
246 696 338 767 nihil.
356 699 483 768 Omnes
499 698 614 770 dentes
632 699 788 768 labefecit
803 700 902 788 mihi;
1156 721 1193 769 aas

122 810 286 876 Praeterea
300 802 449 898 colaphis
468 807 565 875 tuber
581 821 630 876 est
648 820 757 875 totum
776 820 895 900 caput;

124 914 235 1006 Etiam
254 913 389 1005 insuper
411 909 586 981 defrudet?
605 911 778 1006 Nusquam
795 912 889 980 abeo.
905 913 984 980 Sru.
1000 913 1051 980 Ut
1065 908 1168 980 lubet.

122 1016 294 1112 Numquid
314 1017 381 1104 vis,
394 1018 475 1111 quin
489 1016 701 1088 chemise.
719 1021 829 1088 Immo
850 1016 962 1088 hercle
980 1017 1046 1086 hoc
1063 1042 1194 1112 quaeso,

232 1209 234 1212 v
283 1124 386 1217 Syre:
882 1114 886 1120 ¹

123 1233 209 1299 Utut
225 1229 297 1299 haec
319 1243 396 1298 sunt
412 1243 503 1317 acta,
517 1230 627 1323 potius
644 1254 744 1325 quam
762 1228 834 1299 lites
854 1253 991 1324 sequar,

122 1338 238 1405 Meum
257 1335 338 1403 mihi
359 1335 534 1423 reddatur,
552 1334 668 1406 saltem
686 1337 803 1431 quanti
818 1350 930 1431 empta
942 1335 1000 1425 'st,
1015 1337 1108 1430 Syre.
1158 1359 1196 1400 2⁵.

123 1443 197 1510 Scio
215 1455 247 1510 te
265 1466 333 1510 non
350 1466 447 1511 usum
463 1443 604 1512 antehac
624 1444 768 1512 amicitia
786 1467 880 1511 mea:

122 1548 310 1618 Memorem
332 1547 492 1618 medices
514 1573 584 1618 esse
603 1565 637 1619 et
657 1564 799 1645 gratum.
814 1551 893 1617 Sim.
911 1545 1034 1617 Sedulo

124 1723 208 1794 epigr.
222 1725 250 1789 1,
268 1722 326 1795 75:
341 1721 514 1776 «Dimidium
535 1722 635 1777 donare
679 1725 753 1795 Lips.
766 1725 843 1775 Immo
851 1722 928 1775 hercle
945 1743 1017 1795 quies.
1032 1722 1130 1776 omisso
1142 1725 1195 1779 ime.

123 1802 193 1855 Lino
207 1801 406 1874 quamcredere
418 1814 504 1854 totum
514 1803 568 1867 Qui
580 1822 636 1856 ma·
679 1803 857 1875 -Numquid
875 1806 929 1867 vis,
944 1807 1002 1873 quire
1021 1797 1130 1855 abeam?
1150 1804 1197 1858 N'r·

125 1881 301 1947 volemavult
308 1880 420 1952 perdere
427 1881 634 1935 dimidium.»F.
679 1883 753 1935 hilne
773 1883 855 1935 habes
873 1894 1018 1953 preterea,
1034 1882 1109 1952 quod
1126 1883 1196 1936 mihi

166 1963 230 2026 243.
240 1962 323 2014 toras
342 1963 393 2014 dec.
409 1973 461 2013 etc.
476 1963 509 2014 In
522 1963 634 2032 quibus·
680 1961 768 2027 dicas3
780 1962 923 2033 quominus
936 1982 952 2015 a
962 1973 988 2013 tc
1001 1960 1196 2017 discedam?-

123 2040 186 2094 dam
206 2043 270 2095 Mss.
288 2042 325 2097 ita
347 2039 505 2094 ordinantur
528 2060 607 2094 voces
628 2061 635 2094 :
680 2041 765 2107 Nobis
791 2053 880 2094 autem
903 2041 1018 2093 nimium
1041 2036 1197 2113 ingeniosus

123 2122 187 2174 Mirr.
202 2120 297 2174 carrad.
315 2121 421 2172 almund.
431 2121 482 2172 dec.
496 2121 574 2174 Both.
583 2122 635 2175 dec.
680 2120 787 2175 videtur
810 2121 948 2186 Perletus,
973 2119 1038 2173 dum
1061 2118 1194 2176 adnotat:

124 2205 181 2253 min.
196 2231 235 2242 -
251 2200 377 2252 Corradet.
397 2200 533 2275 Inveniet,
555 2203 637 2253 extri·
684 2199 802 2254 «Servili
815 2199 909 2252 facetia
928 2199 1005 2254 addit
1018 2199 1119 2270 Syrus,
1136 2205 1197 2275 quire

124 2279 387 2341 cabis-Attanum,
398 2274 500 2331 dictum
510 2277 544 2331 de
553 2296 586 2331 eo
593 2280 638 2332 cui
681 2279 782 2341 abeam
804 2279 866 2348 quia
884 2279 1044 2334 clamaverat
1062 2280 1124 2346 illc,
1142 2301 1197 2334 nus·

123 2359 202 2413 minae
211 2377 266 2411 non
281 2371 342 2410 sunt
358 2358 535 2428 inpromptu.
681 2378 753 2430 quem
768 2359 837 2410 obeo.
851 2384 863 2406 ι
877 2388 918 2400 -
932 2359 989 2411 Ηοσ
999 2380 1088 2431 quero.
1105 2360 1196 2416 scilic.

166 2444 230 2502 ²44·
272 2438 335 2490 Post
373 2441 442 2488 miser
474 2438 639 2508 interrogant
684 2458 759 2490 meum
769 2439 827 2491 milri
837 2437 904 2489 redd.
917 2450 967 2491 etc.
979 2458 1017 2491 vs.
1034 2437 1099 2494 250.

124 2520 200 2572 Bent.
209 2518 288 2571 Both.
300 2519 381 2569 Zeun.
396 2545 436 2557 -
446 2518 487 2568 De
496 2529 567 2568 sorte.
580 2515 639 2569 Sors
725 2524 789 2587 ²49·
804 2519 880 2571 Acta.
895 2517 939 2570 Sic
952 2518 998 2571 Fa.
1010 2520 1043 2571 In
1057 2517 1196 2591 plerisque

124 2610 233 2652 vocatur
245 2615 349 2650 summa
364 2597 408 2649 cui
421 2597 585 2649 extrinsecus
597 2615 640 2650 ac·
682 2597 728 2649 Be.
735 2595 818 2660 faeta.
838 2628 879 2641 -·
902 2597 963 2648 Utut
982 2599 1033 2650 lroec
1052 2611 1110 2650 surr
1127 2611 1195 2652 acta.

124 2679 239 2750 quiritur
259 2678 353 2730 foenur.
372 2676 444 2748 Ergo
466 2689 553 2729 sortem
572 2675 638 2731 dicit
683 2676 1057 2748 Omissasatisfactionequam
1065 2697 1126 2730 meo
1134 2698 1199 2750 pos·

124 2756 159 2811 de
173 2758 260 2831 pretio
276 2775 331 2828 quo
345 2769 433 2828 empta
450 2769 505 2823 est,
522 2757 540 2810 i.
555 2775 580 2810 e.
597 2756 639 2810 vi-
681 2774 737 2809 sem
750 2759 810 2828 jure
819 2774 966 2826 reposcere.
982 2758 1109 2810 -Potius
1122 2777 1195 2831 quam

123 2839 189 2909 giuti
205 2837 292 2889 minis.
304 2837 371 2889 Dor.
682 2837 735 2888 lites
748 2856 841 2909 sequar.
856 2835 927 2901 Quia
937 2835 1039 2889 dixerut
1052 2838 1196 2893 AEschinus

168 2916 233 2981 245.
246 2917 325 2968 Pudet
336 2915 549 2986 nihil.1nterrog.
560 2916 636 2970 Bent.
681 2934 771 2988 supra,
786 2935 823 2970 rs.
835 2919 903 2984 196:
922 2941 933 2963 ι
943 2935 1016 2969 nunc
1028 2916 1089 2970 vide
1101 2931 1196 2972 utrum

125 2996 204 3050 Both.
219 2997 301 3047 Zeun.
313 3007 340 3047 et
354 2994 452 3064 Delph.
466 2994 513 3064 qui
528 3013 583 3047 non
599 2996 638 3048 ie·
682 2996 732 3061 vis,
741 3009 791 3050 etc.
806 3021 817 3044 a

125 3075 317 3128 ceratinversu
326 3071 636 3145 preced-Pudetnr'hr'l.
722 3074 784 3128 250.
803 3074 938 3126 Reddatur.
957 3075 996 3127 Bi.
1021 3075 1080 3147 leg..
1092 3075 1193 3142 reddat,

125 3155 190 3208 Sub.
211 3154 375 3209 AEschinum.
393 3184 434 3196 -
454 3153 542 3205 Omnes
555 3152 636 3205 dentes
681 3173 711 3208 ex
726 3155 880 3208 auctoritate
892 3153 1037 3224 quorumd.
1055 3154 1135 3209 codd.
1155 3180 1215 3200 -‘

126 3235 198 3301 labes.
211 3247 260 3286 etc.
272 3233 373 3304 Injuria
380 3232 470 3285 lenoni
480 3244 544 3286 tunc
555 3231 636 3300 dolet,
680 3235 771 3300 Meum,
780 3236 864 3305 quami
875 3234 996 3305 empte'st.
1005 3235 1070 3288 Haec
1077 3254 1137 3288 mea
1147 3255 1196 3307 pe-

126 3333 210 3386 quum
221 3311 345 3384 adjuncta
360 3311 458 3365 damno
471 3326 518 3366 est.
671 3315 758 3375 ,cunia
772 3332 823 3384 qua
833 3314 906 3366 illam
916 3314 977 3368 emi.
993 3346 1033 3356 -
1046 3314 1147 3367 Saltem.
1158 3317 1195 3368 Τὸ

168 3401 232 3464 ²47·
241 3391 421 3460 Defendet.Sic
430 3406 482 3445 vet.
496 3394 542 3445 Be.
557 3391 635 3446 codd.
681 3395 795 3462 ἔσχατον.
805 3394 902 3446 Natum
913 3406 952 3446 est
961 3387 1048 3446 eutem
1061 3395 1196 3466 acaptivis

126 3475 158 3527 In
172 3473 203 3526 C.
214 3473 248 3527 G.
263 3471 445 3540 mdesraudat.
456 3471 499 3525 Al.
513 3472 635 3539 defrudet.
679 3475 779 3537 saltem,
794 3473 840 3544 qui
852 3473 919 3525 nihil
933 3473 1006 3526 eliud
1019 3476 1193 3543 pretersalu·

125 3553 364 3618 -Defrudetr’Per
367 3548 481 3619 fraudem
489 3551 556 3604 mihi
564 3553 638 3623 puel·
681 3564 726 3603 tem
740 3571 755 3604 a
769 3554 872 3605 victore
882 3565 985 3624 petunt.
1003 3554 1099 3607 Donat.

124 3634 178 3685 lam
192 3633 295 3702 eripere
315 3631 440 3687 audebit?
455 3664 495 3675 -
510 3626 637 3704 Nusquam
722 3631 787 3686 251.
799 3631 856 3684 Scio
869 3645 892 3684 te
904 3652 952 3707 ror
964 3653 1039 3686 usum.
1053 3634 1116 3686 Mss.
1129 3634 1195 3688 Lin-

126 3712 192 3765 abeo.
204 3712 260 3764 Nec
272 3713 408 3784 Cyprum,
419 3731 468 3764 nec
481 3713 636 3782 inquemvis
679 3710 772 3765 denbr.
789 3725 811 3764 te
822 3731 870 3763 non
883 3733 932 3764 erse
945 3733 1020 3765 mum.

126 3792 308 3871 alium'locum
322 3793 377 3846 ibo.
392 3822 433 3834 ·-
443 3792 478 3844 Ut
494 3791 566 3844 lubet.
576 3791 636 3845 Fri·
722 3791 787 3845 252.
800 3784 947 3857 Memorem,
963 3804 1014 3846 etc.
1026 3791 1102 3862 Legit
1111 3792 1192 3847 Both.

124 3871 184 3942 gide
202 3885 228 3925 et
242 3890 303 3925 cum
322 3883 478 3943 contemptu
498 3870 636 3942 respondit
678 3873 718 3925 M.
730 3868 824 3923 me'esse
835 3884 905 3944 atque
917 3891 959 3942 gr.
971 3872 1192 3925 dic—Memorem

125 3950 215 4024 Syrus.
678 3951 791 4004 medices
813 3971 862 4024 erse
882 3964 907 4003 et
921 3964 1026 4021 gratum.
1045 3952 1114 4004 Ante
1132 3952 1192 4004 huc

135 4074 138 4078 .
167 4032 230 4095 248.
244 4032 320 4084 Immo
334 4031 410 4084 kerek
423 4031 468 4082 icoc
479 4050 566 4102 queso.
582 4030 633 4086 Me.
678 4031 825 4103 premitte,
841 4031 1008 4100 nihilomiuus,
1024 4042 1139 4086 attamen.
1152 4063 1193 4075 —
