2656 4830
210 373 258 445 ss
428 318 617 442 runnu
640 370 903 443 resanuit
929 368 1055 438 sunt

208 510 336 577 Verum
355 506 444 575 enim
464 505 598 600 mando
616 507 701 576 bene
718 505 923 602 promeruit,
939 502 999 573 fiat
1014 526 1023 570 ε
1038 522 1136 572 sunm
1150 498 1209 594 jus
1226 522 1279 595 pc

367 609 478 681 stulat.

208 721 297 814 Age,
314 718 385 812 jam
407 718 520 810 cupio,
541 717 643 788 modo
661 720 689 788 si
709 731 884 813 argentum
902 714 1029 785 reddat.
1046 712 1112 803 Sed
1130 734 1199 806 ego
1217 711 1279 781 hoc

366 820 531 892 hariolos:
852 884 854 889 ,

208 928 279 999 Ubi
295 953 349 997 me
367 926 481 998 dixero
502 928 582 999 dere
600 931 699 1017 tanti,
717 943 817 999 testes
838 928 937 998 faciet
952 926 1046 1013 ilico,

208 1033 405 1104 Vendidisse
415 1059 487 1123 me;
499 1034 540 1103 de
552 1049 691 1129 argento
703 1038 877 1105 somnium.
893 1064 911 1099 u
919 1036 1016 1116 Mox,
1029 1055 1103 1100 cras
1111 1030 1196 1101 redi.
1206 1059 1225 1097 u
1244 1058 1281 1098 ns

208 1139 249 1208 ld
270 1164 403 1234 quoque
420 1165 557 1235 possum
577 1140 679 1230 ferre,
696 1143 724 1213 si
741 1141 842 1212 modo
859 1140 995 1225 reddat3
1010 1160 1218 1231 quamquam
1234 1139 1280 1206 in·

365 1245 490 1339 jurium
508 1244 559 1315 'st.
724 1334 727 1341 ἱ

211 1353 338 1420 Verum
365 1354 477 1449 cogito
503 1351 537 1420 id
567 1352 659 1449 quod
686 1378 739 1425 res
768 1367 836 1443 est,
857 1350 990 1449 quando
1014 1373 1091 1421 eum
1118 1363 1282 1442 quaeamus

369 1482 556 1552 occepere,

211 1641 263 1692 dem
274 1651 383 1712 emptam.
391 1641 439 1694 Ie.
448 1641 640 1711 postulathauc
645 1639 724 1707 tradi,
769 1652 891 1694 ceteram
901 1639 1035 1694 actionem
1047 1635 1196 1691 doionibus
1205 1636 1284 1692 effia-

210 1732 330 1791 emptam
347 1738 362 1772 a
378 1737 406 1772 se
419 1731 493 1774 tanto
511 1722 614 1792 pretio,
626 1732 725 1792 quanto
769 1721 837 1786 etis,
849 1717 885 1772 de
895 1718 1052 1772 verberibus
1064 1735 1096 1771 uo
1108 1728 1149 1770 tot
1159 1717 1283 1790 injuriis,

213 1812 334 1852 estame
345 1811 443 1869 empta.
455 1801 514 1852 Hoc
529 1813 619 1852 autem
633 1801 726 1871 inique
772 1818 837 1871 quas
854 1798 936 1870 paulo
956 1811 1018 1851 ante
1043 1797 1223 1868 exaggeravit,
1231 1797 1283 1850 hac

213 1879 302 1933 ferunt
316 1890 477 1932 mercatores
487 1879 534 1949 qui
549 1898 610 1932 suns
625 1896 726 1935 merces
770 1879 828 1950 ipsa
839 1877 1015 1931 transactione
1024 1877 1156 1948 exstingui
1166 1892 1174 1930 ε
1184 1874 1286 1930 deinde

213 1956 622 2030 plurisvoluntvenderc‚quam
633 1959 728 2029 quanti
770 1958 879 2023 metuit,
891 1957 912 2009 si
921 1957 1002 2011 semel
1015 1954 1098 2017 fidem
1106 1956 1226 2026 emptori
1235 1956 1287 2011 ba·

213 2050 336 2092 emerunt
349 2038 410 2109 ipsi.
427 2039 463 2090 Et
477 2038 531 2090 huc
546 2039 662 2110 pertinet
668 2038 726 2092 Cic.
769 2038 876 2103 buerit,
893 2035 1039 2090 difficulter
1053 2053 1080 2087 se
1092 2047 1287 2106 accepturum,

213 2118 242 2171 in
257 2119 337 2171 Verr.
362 2119 421 2182 111,
445 2136 516 2187 192,
536 2116 634 2172 citante
656 2117 727 2171 Perl.
770 2115 846 2189 quod
868 2116 996 2169 debeatur
1009 2132 1017 2168 ε
1030 2114 1193 2169 AEschiuum
1212 2115 1287 2169 enim

217 2220 229 2243 ι
245 2197 420 2260 Mercatura,
438 2196 580 2266 inquiens,
598 2213 653 2248 non
672 2208 727 2248 tan·
771 2197 874 2267 singula
887 2195 1023 2250 dicturum
1038 2191 1097 2265 quae
1114 2193 1286 2251 momsi'de·

216 2275 288 2326 tidem
306 2272 446 2339 vendunt,
461 2278 546 2346 quanti
564 2287 694 2329 emerunt.
712 2300 723 2323 ι
771 2276 872 2329 bitores
892 2275 995 2329 solent:
1007 2293 1079 2337 mos,
1098 2274 1218 2339 solvam
1233 2292 1288 2331 cru

215 2384 256 2396 -
278 2353 400 2407 Postulat.
414 2354 487 2407 Bene
501 2352 728 2413 diciturhicver·
772 2354 839 2420 redi,
858 2366 889 2407 ut
906 2353 1033 2425 accipias3
1053 2350 1140 2406 donec
1160 2354 1289 2424 pertales

215 2433 282 2485 bum
294 2433 415 2498 forense,
424 2452 509 2504 quum
519 2433 662 2487 AEschinus
673 2452 729 2487 non
771 2452 861 2487 moras
873 2447 1011 2487 evanescat
1020 2431 1136 2503 denique
1145 2433 1239 2489 fomur
1247 2451 1289 2491 rea

216 2512 377 2565 recusaverit
392 2511 431 2565 ire
444 2512 472 2564 in
484 2514 536 2583 jus.
771 2525 835 2567 tcta.
851 2514 910 2567 Hoc
924 2513 996 2565 enim
1009 2511 1186 2582 vult,.quum
1200 2510 1288 2577 dieis.

266 2610 330 2647 202.
352 2592 443 2644 Verum
465 2596 536 2645 euim.
559 2591 729 2662 Quamquam
771 2611 810 2647 rs.
827 2592 895 2658 205,
912 2593 952 2643 De
965 2602 1065 2663 argento
1079 2595 1213 2658 somnum,
1226 2590 1247 2645 i.
1260 2610 1285 2649 e.

217 2671 319 2725 ironice
327 2671 384 2727 haec
396 2669 462 2725 dicit
472 2671 581 2736 Sannio,
592 2671 729 2724 mitescere
771 2672 840 2726 nihil
855 2671 995 2743 accipiam,
1007 2671 1082 2742 quasi
1094 2671 1154 2742 quis
1167 2670 1285 2728 dienen

218 2763 306 2805 tamen
316 2749 437 2817 videtur,
447 2764 475 2803 et
486 2750 520 2805 de
530 2769 578 2803 suo
591 2752 652 2821 jure
663 2768 729 2804 con·
776 2776 788 2800 ι
805 2752 951 2822 Argentum
968 2770 1025 2806 non
1042 2749 1156 2815 videbo,
1168 2750 1224 2807 nisi
1240 2769 1288 2822 pet

219 2828 321 2884 cedere.
334 2830 729 2901 West.-Quandobenepro·
772 2831 943 2885 somnium·
970 2831 1061 2893 Mores
1073 2828 1201 2900 equidem
1219 2830 1287 2885 seme

220 2913 313 2962 mansit.
333 2909 470 2972 Quoniam
493 2908 560 2964 adeo
573 2910 680 2981 'meruit
700 2920 730 2961 ut
771 2929 896 2982 possum,
910 2907 1286 2982 dummodorcddatdenique
1316 2968 1317 2973 ,

219 2988 273 3049 illi,
291 3005 371 3058 aquo
381 2988 521 3059 vapulavi,
538 3006 642 3041 morem
654 3007 729 3059 gere·
772 2989 923 3060 pecuniam.
948 2990 1101 3061 Quamquam
1120 2989 1286 3062 injutium'st,

220 3085 289 3121 rem.
299 3099 340 3110 -
351 3066 423 3128 Fiat,
437 3065 510 3136 quod
523 3068 591 3121 vult.
602 3099 644 3111 --
655 3067 731 3119 Suum
772 3069 879 3134 scilicet,
890 3067 962 3139 adigi
973 3080 1003 3121 nt
1011 3067 1110 3125 vendas
1121 3067 1199 3141 quod
1208 3069 1285 3129 nolis.

215 3147 379 3217 jusposttslat.
388 3145 516 3215 {tepescit
525 3142 601 3216 quod
610 3145 676 3216 ipsi,
689 3165 730 3199 sc·
776 3148 880 3202 Boecler.

220 3224 404 3298 cundumjus,
417 3223 498 3278 debet
507 3225 598 3278 tribui.
613 3225 730 3281 Irouice.
804 3226 882 3282 sod.
902 3225 1035 3281 Somnium.
1055 3227 1188 3294 Commag
1211 3225 1283 3283 idem

264 3304 328 3358 203.
342 3305 374 3356 L.
392 3304 475 3375 antiq.
496 3305 590 3358 invest.
609 3309 631 3356 si
651 3305 729 3358 modo.
774 3304 848 3378 quod
859 3325 926 3360 vana
941 3325 1004 3373 τως
1020 3307 1071 3363 Ph.
1088 3307 1143 3377 873
1154 3307 1284 3375 ;Lueim.

222 3385 255 3439 C.
271 3384 306 3436 G.
324 3398 361 3437 m.
376 3384 475 3436 ariolos.
495 3383 559 3454 Sup.
581 3383 672 3455 script.
691 3384 730 3436 di·
773 3386 801 3443 in
815 3384 979 3439 Harmonide
995 3404 1002 3438 :
1022 3377 1144 3458 &tricassi
1154 3405 1233 3458 uuus,
1244 3384 1284 3439 uui

222 3467 284 3519 uino.
296 3465 364 3517 Item
377 3465 482 3517 Erasm·
495 3463 553 3516 sine
563 3462 728 3534 inspirante.
774 3467 839 3519 dnos
854 3468 931 3521 σκιαί.
945 3465 1012 3519 Part.

221 3573 262 3589 ...ff
280 3542 357 3595 Modo
373 3547 403 3596 si.
420 3539 584 3599 Dummodo.
600 3575 642 3587 -
656 3545 730 3608 Hoc,
815 3542 998 3599 sosstmodo
1009 3543 1285 3601 raddassuhetlteuu

222 3620 297 3692 quod
310 3624 364 3692 jam
376 3621 457 3675 dicct.
468 3655 507 3665 -
516 3622 640 3675 Hariolor.
653 3623 730 3676 Vati·
773 3623 826 3694 legi
839 3624 909 3677 modo
921 3628 944 3681 si
958 3625 1028 3680 redd.
1044 3637 1076 3678 ut
1089 3642 1157 3679 vers.
1173 3626 1239 3681 aod.
1252 3624 1285 3679 Et

222 3701 307 3765 cinor,
318 3700 419 3755 divino.
774 3703 836 3756 citat
850 3723 889 3756 vs.
900 3724 954 3773 29,
972 3703 1087 3774 Adelph.
1104 3704 1135 3757 in
1152 3722 1209 3774 qtso
1222 3702 1285 3774 legit

264 3787 338 3846 ποιῇ,
362 3799 419 3852 sqq.
443 3780 490 3832 Ubi
511 3781 649 3834 medicem
670 3780 729 3832 dare
772 3782 849 3835 sicubi
863 3802 913 3854 pro
928 3782 971 3834 ubi
982 3787 1017 3848 si,
1032 3783 1104 3853 vulg.
1257 3780 1260 3786 ’

222 3865 292 3915 tanti.
308 3862 369 3913 Duo
386 3860 497 3914 veniunt
513 3861 543 3913 in
559 3859 728 3913 deliberatio·
815 3881 877 3931 ²⁰7·
897 3863 973 3932 Quod
985 3883 1022 3915 res
1034 3873 1078 3916 est.
1093 3861 1176 3927 Quod
1189 3878 1282 3919 versun

220 3960 291 3994 nem.
307 3940 429 3993 Primum
446 3953 552 4011 reputat
569 3939 685 4005 Sannio,
706 3940 728 3992 si
772 3954 818 3995 est.
829 3943 1000 4012 ——Quaudo‚
1015 3942 1038 3997 si
1047 3941 1282 4014 quidam—Eua

221 4021 345 4092 transigat
356 4039 416 4074 cnm
431 4019 557 4075 AEschino
572 4018 606 4075 de
624 4019 728 4090 pretio,
772 4032 898 4091 quactum,
911 4041 945 4075 sc.
960 4035 992 4076 ut
1003 4022 1064 4076 leno
1076 4022 1121 4079 sis.
