2656 4830
124 385 172 430 ao
346 354 531 426 PUBLIl
554 350 812 424 TERENTlI
840 354 962 424 AFRI

123 488 210 576 stet,
232 490 312 584 quid
333 490 434 557 tristis
457 513 520 582 ego
541 487 622 557 sim?
640 491 704 556 M1.
723 487 835 556 Dixin'
849 489 915 556 hoc
934 486 1030 556 fore?

123 597 214 686 Quid
233 594 332 664 fecit?
346 597 411 664 De.
431 594 521 681 Quid
540 593 593 662 ille
611 592 747 663 fecerit?
766 596 875 683 Quem
898 619 1005 688 neque
1024 593 1128 688 pudet
1168 619 1192 657 ss

123 704 329 796 Quidquam,
347 726 409 769 nec
429 702 544 769 metuit
562 724 781 803 quemquam,
798 725 861 769 nec
882 699 988 794 legem
1011 713 1107 794 putat

121 913 313 966 dissolutum.»
332 911 366 961 Et
383 910 435 974 ubi,
452 922 570 962 sumetur
583 929 634 979 pro
679 910 736 980 ptio
756 909 924 963 citharistrias
935 928 967 962 ex
978 908 1060 962 domo
1076 910 1194 975 lenonis,

122 1013 207 1064 quum,
225 995 355 1062 quoniam
368 1007 413 1041 seu
428 1007 434 1041 :
453 991 556 1058 «Rogas
568 988 634 1060 quid
681 990 788 1042 abaciam
798 991 962 1060 γοργότητος,
974 1009 1029 1042 non
1043 989 1099 1042 sine
1114 1008 1195 1060 expe·

122 1073 202 1124 tristis
219 1072 282 1135 sim,
297 1083 327 1122 tu
340 1065 403 1131 (ubi)
416 1068 489 1140 apud
502 1086 581 1139 quem
595 1069 635 1120 vi·
679 1067 736 1121 dita
751 1070 901 1134 celeritate,
913 1081 1058 1122 accusetur.
1073 1067 1152 1120 Fores
1163 1071 1197 1137 ef·

121 1154 161 1204 vit
172 1139 410 1218 AEschtnus,'apud
420 1167 500 1219 quem
515 1166 635 1200 corrum-
675 1148 911 1220 fregitsubjicitur
918 1149 1048 1215 accusatio
1060 1149 1142 1200 totius
1149 1168 1195 1220 po·

122 1229 219 1302 pitur?
234 1256 245 1276 ι
263 1228 333 1291 Seu,
358 1240 388 1280 ut
410 1228 466 1280 vult
486 1228 635 1289 Boeclerus,
680 1229 754 1297 puli,
769 1241 795 1281 et
805 1247 857 1281 vox
871 1230 948 1281 famae
958 1227 1083 1299 publica,
1097 1229 1195 1299 quaein

123 1306 287 1380 agnoscenda
312 1308 357 1359 bic
384 1321 422 1360 est
443 1307 544 1375 ἔλλειψις
565 1305 636 1359 indi·
681 1308 776 1361 talibus
800 1308 854 1360 vim
890 1309 1050 1380 singularem
1082 1307 1194 1360 obtinet.

123 1390 214 1460 guanti
238 1387 382 1439 familiaris.
409 1389 493 1455 Rogas
519 1405 569 1451 me,
597 1387 637 1437 ubi
681 1388 749 1439 Nam
765 1389 834 1439 actio
855 1385 888 1439 de
904 1386 981 1441 viad
1000 1405 1093 1439 omnes
1112 1388 1196 1457 perti·

124 1471 191 1520 uobis
210 1467 344 1519 AEsclriaus
362 1472 415 1518 siet.
437 1465 478 1518 Sc.
496 1463 525 1517 id
546 1483 637 1536 quaero
681 1479 907 1537 net:nequetam
918 1466 1110 1537 ligura,quam
1126 1466 1195 1518 ratio

123 1549 225 1620 potius,
234 1546 262 1598 id
272 1558 302 1598 tu
313 1565 386 1598 nunc
400 1545 496 1598 afferre
506 1544 636 1609 debebas;
682 1559 736 1610 est,
747 1565 806 1617 quae
818 1547 888 1599 infra
899 1547 933 1597 ab
943 1548 999 1617 ipso
1007 1545 1144 1598 Sannione
1155 1547 1196 1597 in-

124 1642 149 1680 et
175 1629 212 1678 ita
236 1625 303 1676 uobis
331 1624 488 1678 abundaret.
516 1625 638 1677 Priorem
682 1624 806 1688 ducitur,
823 1639 875 1678 act.
892 1626 934 1689 ΙΙ,
950 1645 986 1678 sc.
1002 1644 1013 1676 1
1030 1644 1036 1677 :
1055 1625 1196 1678 «Obsecro

124 1720 232 1772 tuentur
243 1725 349 1758 sensum
363 1705 460 1775 Guyet.
472 1705 569 1758 ttturet.
584 1705 638 1756 Do·
681 1706 854 1775 populares.»
877 1703 946 1757 Hinc
960 1705 1037 1757 etiam
1054 1718 1110 1768 est,
1124 1703 1197 1775 quod

125 1799 178 1838 nat.
199 1787 215 1837 J
218 1805 262 1837 riv.
276 1785 345 1836 Perl.
363 1784 439 1835 Stant
456 1803 506 1853 pru
523 1781 638 1835 secundo
683 1784 819 1854 quiritatio
834 1784 914 1854 pleno
927 1797 953 1836 et
963 1784 1066 1854 optimo
1081 1787 1141 1854 jure
1157 1786 1197 1836 ni·

126 1867 211 1917 Faber
224 1877 249 1915 et
265 1865 400 1925 Dacieria;
417 1876 442 1914 et
456 1863 478 1915 is
490 1875 545 1927 est,
558 1882 638 1934 quem
683 1863 748 1914 titur
764 1881 770 1915 :
788 1862 821 1914 ad
837 1881 916 1932 quam
932 1866 1031 1916 Demea
1046 1864 1092 1916 hic
1103 1863 1197 1916 alludit

123 1944 318 2015 praetulerimus
334 1943 432 2012 priori,
449 1943 524 2011 quia,
544 1954 573 1994 ut
591 1941 638 1994 ad·
683 1942 783 1994 efficaci
808 1942 891 2012 figura
903 1980 911 2005 ,
925 1944 1068 1996 «Clamant
1090 1961 1197 2006 omnes,

125 2037 201 2076 notat
222 2024 369 2085 Boeolerus,
392 2041 448 2074 non
473 2022 534 2073 satis
558 2022 639 2073 latine
683 2020 1197 2092 indignissimefactumesse.»Sannioni

125 2104 258 2156 diceretur
270 2103 310 2153 ubi
320 2102 454 2153 AEscltinus
466 2101 534 2152 uobis
544 2106 603 2162 siet,
620 2101 638 2152 i.
683 2101 783 2153 scilicet
792 2101 933 2171 quiritanti
944 2103 1198 2174 succlamanteslgi·

121 2203 149 2235 e.
170 2201 253 2252 quum
272 2180 430 2232 AEschinum
448 2181 592 2256 habeamus
607 2180 639 2230 fi·
684 2180 766 2232 turad
776 2199 909 2232 summum
920 2180 1130 2252 exaggerationis
1144 2183 1198 2235 haec

125 2264 203 2313 lium.
218 2262 295 2312 Certe
316 2259 468 2328 exemplum
485 2257 579 2324 laddit
599 2259 640 2310 vir
683 2259 841 2328 procedunt.
857 2261 917 2323 Qua
933 2274 1100 2330 comsumpta
1114 2255 1197 2331 (quod

127 2336 316 2401 doctissimus)
342 2340 437 2390 frustra
459 2338 593 2408 quaesieris
611 2338 640 2389 in
685 2339 768 2407 probe
784 2339 828 2390 hic
847 2337 1026 2404 notandum),
1042 2339 1076 2392 ad
1094 2340 1197 2392 minora

128 2433 182 2471 tota
195 2416 430 2488 Antiquitate.Sed
442 2418 574 2469 Boeclerus
584 2417 640 2487 ipse
684 2418 786 2471 revolvi
798 2436 904 2470 necesse
918 2433 974 2471 erat
990 2422 1129 2472 Demeam.
1146 2421 1196 2472 Ne-

126 2499 228 2559 ἔλλειψιν
238 2498 348 2550 minime
356 2496 528 2549 necessariam
536 2496 641 2549 videtur
685 2515 736 2567 que
747 2497 825 2550 aliter
832 2497 924 2549 debuit
931 2500 1011 2551 Poeta
1017 2502 1140 2556 ἠθοποιεῖν
1148 2500 1197 2552 hoc

127 2579 204 2631 nobis
218 2577 409 2648 imploravisse.
683 2577 810 2648 jurgium.
832 2579 992 2648 Exemplum
1016 2596 1078 2647 ergo
1096 2579 1196 2642 fratris,

169 2660 215 2720 84.
233 2658 303 2727 Quid
310 2661 372 2708 trist.
382 2676 427 2726 ego
439 2660 492 2709 sim.
500 2656 644 2726 Both.quid
686 2657 719 2707 ab
742 2658 908 2708 accusatione
928 2656 960 2709 ad
985 2655 1197 2710 emendationem

127 2758 172 2807 ego
186 2742 231 2788 sim
248 2750 279 2789 tr.
291 2771 331 2778 -
341 2734 410 2788 Ante
424 2737 498 2808 quid,
514 2736 604 2788 Guelf.
625 2734 639 2785 3
686 2734 835 2807 degressus,
851 2750 1001 2806 comparat,
1021 2737 1090 2807 μάλα
1113 2739 1206 2790 stane·

130 2818 175 2870 dat
191 2821 272 2868 nescis.
285 2848 325 2857 -
337 2818 426 2868 Diain’
435 2817 548 2882 laocsore.
557 2816 641 2867 Abest
686 2823 771 2886 μικῶς.
793 2817 832 2867 Ut
847 2818 931 2886 major
945 2817 1020 2868 fieret
1034 2818 1197 2887 perturbatio

131 2900 203 2948 hoca
224 2896 312 2948 Guell.
329 2916 354 2948 a.
369 2897 507 2947 -Dr'riu’
522 2896 640 2960 laocfrrre.
686 2914 718 2946 ex
734 2896 903 2965 Ctesiphonis
917 2914 1020 2956 amore,
1038 2914 1093 2966 quo
1113 2898 1198 2948 minus

131 2977 192 3028 llaec
208 2975 288 3027 Micio
306 2992 447 3027 conversus
462 2974 496 3026 ad
511 2986 640 3044 spectato·
687 2973 792 3044 aliquid
811 2975 863 3026 tale
880 2975 1007 3045 suspicari
1031 2978 1130 3028 Demea
1150 2994 1198 3046 po·

129 3056 232 3108 resve.
244 3072 292 3124 79,
306 3056 355 3106 80:
368 3053 446 3106 Credo
452 3056 521 3121 jam,
533 3055 639 3118 utsolct,
685 3065 781 3106 tuerat.
802 3054 923 3122 Denique
945 3055 978 3105 ab
997 3055 1144 3120 AEscbino,
1170 3055 1196 3106 in

125 3136 245 3205 jurgcbit.
260 3166 300 3174 —
315 3133 384 3201 Quid
406 3127 639 3199 illeseceritt’Sto·
684 3135 759 3200 cujus
782 3150 879 3184 nomen
905 3132 1036 3184 effuderat
1059 3134 1135 3185 illum
1156 3136 1197 3185 in·

131 3213 384 3267 machantisaffectu
400 3229 406 3262 :
421 3212 640 3283 utrogitaseticm
684 3211 842 3280 dignationis
869 3211 1021 3281 impetum,
1055 3214 1197 3266 Micionem

131 3294 190 3365 quid
203 3294 242 3344 ille
250 3295 357 3359 fecerit!²
369 3291 403 3342 Et
414 3293 468 3360 jam
483 3309 536 3342 non
551 3292 639 3343 statim
686 3289 837 3360 aggreditur
854 3308 860 3341 :
879 3317 890 3336 ι
901 3291 962 3344 Haec
977 3311 1060 3362 quum
1077 3292 1130 3357 illi,
1147 3293 1197 3344 Mi·

130 3373 257 3426 describit
272 3373 384 3430 factum‚
402 3369 449 3422 sed
469 3371 586 3423 animum
603 3371 641 3423 fa·
686 3371 743 3432 cio,
762 3369 836 3432 dico,
852 3368 902 3421 tibi
922 3370 998 3436 dico,
1013 3398 1023 3418 »
1040 3383 1070 3422 ut
1091 3385 1199 3424 conten·

130 3453 224 3505 cientis
241 3463 400 3520 corruptum
416 3448 547 3512 ostendit,
563 3462 641 3520 atque
686 3450 750 3501 tioni
764 3461 789 3501 et
803 3450 904 3501 occasio
914 3490 921 3515 ‚
931 3465 956 3503 et
969 3453 1011 3504 via
1025 3464 1196 3521 quaereretur.

131 3552 146 3584 a
168 3530 272 3602 pudore
293 3520 357 3599 (qui
374 3529 497 3580 homines
517 3530 598 3599 regit,
615 3543 642 3581 et
686 3529 815 3580 Baealerus.
1140 3548 1151 3562 ·

130 3630 164 3662 ne
184 3609 371 3662 obliviscantur
390 3607 534 3660 honestatis
547 3607 640 3661 admo·
703 3618 705 3622 '
727 3611 772 3662 85.
795 3609 865 3676 Quid
877 3605 958 3673 feeit?
975 3610 1115 3679 Complur.
1134 3611 1197 3662 Mss.

133 3687 205 3753 net),
220 3701 317 3741 ametu
336 3705 428 3740 eorum
444 3688 641 3758 quibusaucto-
687 3691 722 3749 is,
745 3686 819 3758 quod
839 3687 883 3739 Fa.
909 3707 940 3739 ex
963 3690 1086 3740 auctorit.
1105 3690 1200 3742 Bemb.

132 3773 195 3822 ritas
204 3782 243 3822 etl
254 3763 298 3829 (ut
311 3767 465 3837 perentibus
478 3768 507 3819 in
521 3763 641 3828 filios)‚a
686 3765 791 3819 delevit.
807 3767 873 3818 Perl.
888 3799 928 3809 -
947 3769 1024 3834 Quem
1037 3789 1111 3839 neque
1125 3769 1200 3837 laudet

133 3847 277 3902 reverentia
286 3848 375 3917 legum
384 3842 453 3917 (quae
465 3846 577 3899 civitatis
587 3865 643 3898 mo·
686 3847 824 3918 quidquam·
845 3849 943 3898 Contra
958 3847 1043 3912 illud,
1059 3853 1126 3917 647,
1144 3867 1199 3900 eru·

130 3947 171 3980 res
185 3920 318 3992 continet)
334 3927 465 3990 alienum,
477 3940 556 3996 atque
570 3927 640 3978 ultro
686 3925 752 3986 buit,
770 3927 836 3977 saluo
848 3945 884 3977 res
896 3939 939 3977 est.

129 4008 268 4064 effrenum.
281 4007 319 4059 Ut
332 4009 511 4079 lprrate'orspou
522 4023 587 4058 mox
600 4025 640 4058 ra·
728 4007 774 4058 86.
788 4006 840 4058 Nec
851 4010 941 4057 metuit.
952 4005 1009 4057 Alii
1021 4025 1095 4075 neque
1109 4010 1200 4059 metuit.
