2656 4830
125 337 174 418 [ιι
353 337 540 407 PUBLII
565 340 824 411 TERENTH
851 338 974 449 ΛΕΜ

127 467 265 539 Animus
280 469 340 538 tibi
353 469 486 565 pendet.
496 471 566 541 Ubi
580 471 671 547 illinc
679 497 818 568 ,spero,
831 469 967 543 redieris
984 481 1116 557 tamen,
1127 468 1194 543 hou

123 680 182 750 St.
196 599 371 775 Nusqariuedi
394 680 523 776 pedem.
540 684 646 768 Perii,
663 677 792 755 hercle!
812 685 885 755 Huc
906 679 955 751 ilii
972 704 1033 777 spo
1055 681 1157 755 hoo
1146 707 1197 755 ιιι·

283 803 453 882 ceperunt.
473 790 553 860 Srn.
566 791 685 860 Timet.

125 890 229 984 lnjeei
249 893 442 989 scrupulum
459 893 597 966 homini.
612 898 671 967 St.
686 898 719 969 Ο
737 889 875 967 scelera!
896 892 979 965 illud
1002 892 1099 982 vide,

124 997 174 1065 Ut
192 998 226 1066 in
243 998 317 1092 ipso
338 1001 477 1072 articulo
496 1004 671 1096 oppressit.
691 1004 822 1097 Emptas
839 999 995 1073 mulieres
1158 1022 1198 1063 2³·

125 1100 342 1198 Complures,
358 1122 391 1177 et
412 1108 493 1179 item
511 1104 593 1177 hino¹
609 1106 688 1192 alia,
705 1133 779 1202 quae
799 1121 898 1202 porto
918 1108 1081 1201 Cyprum.

124 1209 197 1278 Nisi
216 1235 256 1279 eo
273 1212 316 1281 ad
333 1229 517 1285 mercatum
530 1215 649 1298 venio,
663 1214 823 1285 damnum
844 1213 1026 1283 maximum
1040 1208 1093 1280 ’st

125 1312 225 1387 Nunc
246 1319 273 1390 si
288 1319 354 1390 hoe
371 1321 509 1409 omitto,
530 1335 643 1391 aetum
661 1345 777 1417 agam,
795 1320 855 1393 ubi
871 1318 962 1393 illine
983 1316 1136 1403 rediero,

168 1478 235 1530 ²²7·
253 1463 402 1516 Variant'
394 1481 424 1516 m
451 1462 637 1535 distinguendo
724 1463 789 1520 230.
805 1458 1057 1534 Uts'nipsourtr'uuh
1070 1461 1198 1532 oppressit.

128 1534 204 1595 editt.
232 1541 402 1613 Interrogant
434 1543 559 1597 nonnulli
579 1556 640 1614 post
682 1545 748 1599 Sub.
768 1564 814 1598 me.
833 1541 868 1596 Id
878 1556 934 1608 est,
949 1553 982 1597 ut
997 1539 1199 1610 nainopinun

124 1618 222 1686 pendet,
236 1619 282 1673 alii
295 1633 356 1691 post
366 1622 472 1676 redieris.
482 1623 639 1677 —Am'mns
681 1622 804 1677 invadit
796 1642 854 1694 ipso
872 1636 1007 1694 tempore,
1014 1638 1074 1715 'qno
1085 1618 1199 1672 minime

130 1696 174 1748 titt
191 1698 288 1768 pendet.
306 1700 427 1754 Incertus
442 1720 469 1756 es
491 1720 521 1756 uc
542 1700 639 1756 dubius
682 1715 805 1774 puratum
823 1720 878 1755 esse
898 1720 941 1755 me
954 1699 1042 1754 sensit.
1061 1697 1177 1769 Pergit
1168 1716 1198 1751 ιιι

129 1775 194 1845 quid
207 1796 283 1849 agas,
296 1798 330 1832 an
344 1780 443 1834 scilicet
452 1781 576 1836 omittere
596 1780 642 1835 de·
682 1782 847 1852 metaphora,
860 1792 890 1833 ut
904 1777 1094 1833 animadvertit
1106 1779 1198 1831 Dona·

128 1856 192 1909 bees
203 1857 276 1911 illum
296 1859 450 1930 pecuniam,
465 1879 499 1914 an
516 1863 640 1916 iter.-
683 1874 743 1926 tus·
756 1858 897 1932 scrupulus
906 1859 980 1912 enim
996 1859 1027 1913 in
1040 1858 1147 1911 culeum
1158 1856 1199 1909 in·

133 1934 234 1991 Tamen.
248 1936 282 1990 ld
291 1951 339 2006 est,
350 1956 470 2011 quumvis
479 1940 641 1996 viduarum·
683 1939 783 2004 cidens,
796 1935 1200 2011 pedumrrtieutosottndiu-

128 2026 225 2070 emtus.
236 2017 366 2090 -Spern
377 2021 496 2091 txages.
504 2021 566 2075 Non
573 2021 641 2074 mihi
683 2022 774 2087 Quum
792 2033 881 2074 autem
899 2020 957 2072 huo
973 2016 1132 2090 exquisitius
1143 2015 1200 2069 ius·

128 2090 242 2149 dubium
253 2110 293 2151 est
314 2100 381 2170 quin
398 2112 463 2154 tunc
473 2099 641 2155 solummodo
683 2113 751 2155 tasse
761 2098 903 2155 videantur
916 2098 1065 2169 explicat,
1077 2094 1199 2150 muti

133 2171 255 2228 debitum
281 2178 378 2248 exigas,
402 2193 544 2251 postquem
567 2180 642 2233 illine
682 2181 747 2234 lieet
756 2192 922 2234 momentum
935 2176 1063 2249 temporis
1083 2175 1142 2230 dici
1155 2194 1198 2228 m

130 2250 252 2308 redieris.
684 2261 797 2325 ticulum,
819 2260 876 2312 sive
896 2253 959 2328 quia
982 2257 1153 2329 praeteritum
1170 2265 1197 2308 st

172 2337 237 2389 228.
257 2335 382 2407 Nusquam
396 2338 490 2410 pedam.
506 2339 537 2391 C.
554 2338 588 2392 G.
603 2357 640 2390 m.
684 2341 804 2392 futurum
814 2333 1197 2411 quasioonjungit,uturtiuuli

129 2415 288 2485 stuproript.
296 2417 387 2482 fetum.
403 2441 442 2453 ··-
463 2417 643 2490 Nusquampe·
685 2419 855 2472 oommittnnt
883 2430 970 2489 partes
998 2415 1117 2488 pedumt
1145 2414 1200 2468 siva

133 2492 194 2544 dens
206 2493 270 2548 suh.
277 2497 361 2562 effero.
369 2495 403 2549 Id
412 2509 521 2564 sunnon
532 2499 601 2551 abeo
611 2496 641 2551 in
684 2498 747 2570 quia
759 2511 799 2552 est
810 2498 921 2552 minima
932 2515 995 2568 para
1008 2495 1156 2567 temporis,
1169 2505 1199 2547 ut

136 2572 310 2642 Cyprum—
322 2577 403 2641 Parii,
416 2577 513 2630 teret!
523 2579 587 2632 Huc
599 2597 641 2632 se·
684 2579 800 2631 articulus
808 2618 816 2642 ,
825 2577 939 2631 membri
952 2594 1013 2646 pars
1026 2575 1149 2628 minima.
1159 2600 1200 2619 ὀ-

12 2686 17 2699 .
131 2671 192 2705 rum
206 2653 279 2707 leno.
295 2686 337 2699 -
353 2657 412 2709 Has
426 2677 476 2729 spe.
493 2656 641 2712 Meconfe·
686 2657 827 2728 Oppressit,
844 2655 1108 2730 penderepotettub
1121 2651 1196 2718 illud,

130 2732 193 2785 stim
207 2752 263 2788 essu
275 2738 468 2807 profecturum.
485 2768 527 2782 --
538 2738 642 2791 Hocirs·
683 2757 730 2792 seu
746 2740 779 2793 ab
797 2739 945 2800 AEsedt'uus,
958 2733 1033 2806 quod
1049 2731 1198 2804 protnleri-

132 2826 251 2881 ceperrmt.
269 2813 306 2867 Id
330 2829 385 2883 est,
412 2818 591 2889 promiserunt
613 2837 641 2872 se
684 2836 757 2883 mus,
771 2813 1199 2883 exPerloto,obvs.239,inquo

131 2890 282 2945 reddituros
294 2895 389 2966 viginti
402 2901 496 2952 minas.
509 2930 550 2940 —
559 2897 639 2951 Boeel.
684 2898 735 2952 hoo
745 2896 816 2951 idern
824 2897 936 2951 verbum
943 2893 978 2947 de
982 2891 1197 2966 juvenedioitus.

132 2968 166 3023 ds
179 2971 368 3040 hoosrtiflcio,
385 2978 506 3031 conferre
518 2978 594 3050 jubet
607 2977 641 3031 ad
727 2978 793 3031 231.
819 2978 886 3030 Hine
917 2975 978 3029 atta.
1010 2970 1095 3026 Addit
1122 2971 1198 3025 mults

133 3047 216 3103 Arist.
231 3052 312 3106 Rhet.
328 3055 350 3106 1.
685 3057 777 3111 Guelf.
791 3055 817 3108 3.

175 3149 242 3200 ²²9·
255 3132 332 3203 Irrjeus'
340 3134 550 3204 ιενψιιῌιοιιιιίιὶ
565 3137 641 3189 Sern-
726 3136 792 3190 uda.
806 3135 893 3187 Vento.
903 3130 937 3186 L.
950 3132 1032 3204 antiq.
1042 3134 1200 3184 nanim-

132 3209 190 3280 puli
203 3223 266 3264 sunt
282 3213 380 3267 minuti
396 3214 493 3286 lapitti,
506 3215 554 3287 qui
572 3215 642 3268 inter
685 3217 785 3270 Actum.
806 3214 927 3285 Disjung.
946 3213 994 3267 Ba.
1023 3232 1053 3264 aa
1074 3223 1134 3265 uem.
1160 3238 1200 3254 ·-

133 3289 324 3345 ambulandum
337 3294 372 3346 in·
383 3294 484 3349 calceos
505 3294 641 3360 incidunt,
685 3297 808 3348 Damnum
816 3291 1199 3361 maetnusm’st.1ntelligenu;

133 3387 164 3422 ue
175 3368 271 3438 pedem
287 3384 414 3445 torquent
431 3374 525 3428 :unde
547 3378 643 3446 injicere
685 3393 801 3447 pratens
821 3393 872 3446 pro
893 3373 994 3426 futuro.
1010 3402 1051 3415 -
1064 3371 1147 3425 Nunc.
1159 3369 1200 3421 Ex

133 3450 269 3519 scrupalum
287 3451 402 3519 dicitur,
416 3455 464 3527 qui
478 3454 558 3507 alieni
572 3455 643 3508 solli·
685 3456 867 3509 alternantem
880 3465 967 3525 parte,
982 3452 1016 3504 de
1026 3470 1079 3523 quu
1090 3450 1136 3503 his
1145 3447 1201 3518 agi·

134 3527 279 3584 citudinem
294 3545 322 3586 et
341 3532 535 3588 dubitationem
550 3536 641 3601 affert3
686 3548 738 3588 tur.
759 3563 797 3577 -·
814 3533 870 3586 Hoc
883 3536 986 3596 omitto,
999 3530 1097 3594 idest,
1117 3546 1199 3599 nego·

134 3610 268 3678 scrupulum
281 3616 380 3677 eximit,
401 3614 448 3685 qui
460 3632 524 3668 onra
539 3615 642 3670 liberet.
689 3615 755 3667 tium
786 3631 847 3667 oum
873 3612 999 3666 AEsohino
1027 3607 1200 3679 exigendum.

136 3688 234 3742 Jutsnc.
246 3722 286 3734 -
300 3690 326 3744 0
338 3693 442 3745 scelera!
454 3691 487 3747 Id
499 3707 548 3758 est,
562 3714 579 3747 o
590 3713 644 3748 noe-
689 3723 729 3734 —
742 3695 833 3748 Actum
840 3689 1053 3762 upamNidebor
1062 3689 1131 3742 velle
1142 3705 1201 3739 rem

135 3769 227 3823 leutos!
256 3803 298 3815 --
322 3773 391 3825 Illud
414 3773 480 3827 eide.
502 3775 645 3846 Loquitur,
690 3770 1200 3828 confectamettmusactamiterumor-

136 3849 210 3920 quasi
239 3849 354 3905 adstaret
385 3853 459 3916 ulter,
480 3852 553 3925 apud
566 3871 644 3925 quem
689 3851 756 3918 diri;
772 3853 848 3906 litem
861 3851 975 3904 decisam
994 3867 1101 3902 rursum
1116 3848 1201 3899 inteu-

135 3927 342 4000 indiguationem
352 3933 511 4003 exprimeret
519 3951 609 4001 suam3
620 3946 646 3988 et
689 3931 767 3997 dere;
780 3950 859 4003 opem
874 3933 971 3985 insero.
984 3929 1040 3983 Ιιιν.
1059 3959 1100 3972 -
1116 3927 1198 3979 tuine.

137 4022 175 4063 est
189 4011 282 4066 usitata
294 4011 323 4064 in
334 4013 379 4066 tali
385 4031 416 4066 re
423 4012 546 4068 tumult.
690 4013 713 4066 Ε
727 4012 828 4083 Cypro.
