2656 4830
209 344 230 413 8
393 396 397 401 -
427 346 609 414 PUBLII
636 348 895 416 TERENTII
922 351 1045 418 AFRI

204 479 288 546 Eam
311 475 727 548 Cornmorientes'Plautus
748 478 826 549 fecit
844 479 999 550 fabulam.
1085 487 1088 492 ’

203 586 244 653 In
265 587 383 658 Graeca
401 582 592 655 adolescens
612 600 678 671 est,
693 587 750 680 qui
769 584 879 656 lenoni
897 590 995 683 eripit

203 692 415 760 Meretricem
439 693 473 759 in
496 692 603 785 prima
620 691 753 779 fabula3
772 717 848 761 eum
866 692 1000 764 Plautus
1020 688 1131 765 locirm

204 796 352 890 Reliquit
371 798 555 892 integrum3
574 823 650 867 eum
671 798 725 869 hic
741 797 858 869 'locum
879 802 1020 895 sumpsit
1038 803 1099 870 sibi
1248 849 1274 875 ι.

202 904 243 971 Ιιι
265 901 600 997 Adelphos,verbum
620 905 661 972 de
679 904 783 973 verbo
802 930 993 1000 expressum
1012 906 1139 978 extulit.

202 1010 286 1078 Eam
309 1033 370 1078 nos
391 1011 497 1079 acturi
515 1035 629 1080 sumus
649 1033 780 1101 novam.
796 1014 1005 1097 Pernoscite,

202 1215 267 1272 edit.
275 1218 623 1292 Valp.-Symapotlrrresco'rrt.
634 1239 717 1272 comae-
761 1221 878 1274 soldarios
891 1220 1027 1292 appellari.
1040 1221 1083 1274 Cf.
1094 1222 1174 1275 etiam
1188 1224 1275 1278 Athe·

200 1296 444 1352 dia’st.Potuitcum
449 1300 718 1371 pluralisyrtapotlures·
760 1318 864 1363 natum,
876 1301 924 1352 lib.
935 1301 983 1353 vl.

201 1390 281 1430 comtes
299 1378 458 1449 singularem
474 1377 602 1432 adhibere
622 1397 716 1432 nume·
790 1382 828 1433 ·8.
840 1382 933 1451 Eripit.
947 1380 992 1432 Sic
1002 1379 1031 1432 in
1042 1381 1105 1435 Mes.
1120 1381 1166 1435 Fa.
1174 1382 1236 1436 Par.
1248 1395 1275 1437 et

202 1476 280 1523 rum,
294 1459 357 1528 quia
365 1459 410 1512 hic
418 1476 468 1512 nee
478 1460 584 1511 numeri
592 1497 600 1524 ,
608 1477 658 1511 nec
672 1477 717 1529 ge·
760 1456 838 1512 editt.
853 1458 993 1530 probatiss.
1004 1460 1037 1510 In
1046 1460 1103 1514 aliis
1115 1475 1142 1514 et
1154 1475 1274 1532 present.

202 1556 267 1591 nera
286 1538 451 1609 respicienda
466 1551 542 1603 sunt,
557 1536 603 1592 sed
623 1554 717 1593 contra
760 1540 788 1591 Z.
803 1542 897 1609 eripuit.
909 1539 985 1589 -Irr
999 1538 1095 1593 Graeca.
1111 1541 1145 1592 In
1157 1536 1275 1595 labulaa

111 1621 117 1629 '
204 1618 333 1670 sententia
348 1636 443 1689 resque
466 1619 531 1688 ipsa.
551 1651 592 1660 —
611 1618 716 1688 Diphili.
760 1617 855 1671 Graeco
877 1618 988 1688 Diphilo
999 1633 1104 1691 scripta
1111 1622 1275 1674 -Adolesc

202 1695 717 1769 Ηίοροεῑικωμικώτιιτοςκαὶγνωμικώ-
760 1711 804 1750 est.
821 1698 839 1750 i.
855 1716 878 1749 e.
893 1697 1037 1750 inducitur

202 1776 718 1846 raracfuissediciturtemporeMenan·
802 1797 829 1846 9.
850 1777 895 1829 Br.
912 1775 1051 1848 distinguit
1070 1782 1222 1837 meretricem.
1243 1780 1277 1831 In

204 1853 257 1910 dri.
270 1857 373 1921 Quinta
385 1856 472 1910 dictus
484 1855 590 1909 videtur
603 1875 651 1926 per
661 1875 718 1910 cra
757 1858 832 1925 prim.
840 1856 948 1922 fabtrl,a
965 1877 1033 1920 eum,
1047 1870 1096 1910 etc.
1104 1860 1185 1911 Abest
1197 1875 1278 1912 eumn

205 1935 260 1997 sin,
270 1954 320 2005 pro
328 1938 444 2008 Διοφιλος.
456 1928 501 1985 W
495 1949 537 1988 est.
549 1936 686 1988 Mentio
663 1955 719 2008 eJus
761 1936 851 1989 Guelf.
868 1955 893 1988 ι.
902 1965 941 1975 -
952 1937 984 1987 In
998 1939 1079 2007 prima
1093 1939 1191 2005 sabrate.
1212 1940 1236 1990 I.
1250 1957 1276 1991 e.

204 2014 279 2080 fit‚ut
285 2015 424 2069 Menandri
432 2014 629 2069 acPhilemonis
635 2034 720 2086 aequa·
761 2015 789 2067 in
800 2015 888 2087 prima
903 2020 979 2085 pa'rte
992 2017 1104 2082 fabulae3
1127 2031 1157 2070 ut
1175 2017 1276 2088 virgil.

204 2094 252 2157 lis,
264 2095 384 2159 Velleio,
394 2098 423 2161 1,
438 2114 488 2165 17,
500 2108 526 2148 et
537 2094 660 2147 Strabon.
671 2095 719 2166 qui
762 2093 867 2147 AEneid.
876 2095 932 2161 IX,
942 2101 1011 2159 244:
1024 2095 1165 2148 «Vidimus
1178 2097 1278 2149 obscu-

205 2173 278 2239 hunc
294 2173 467 2246 Sinopensem
482 2175 561 2226 fuisse
576 2173 698 2226 affirmat.
762 2173 798 2226 ris
810 2180 913 2244 primam
927 2175 977 2226 sub
993 2176 1105 2228 vallibus
1118 2176 1224 2229 urbem.
1239 2202 1251 2223 ι.

161 2311 169 2328 x
248 2271 274 2320 7.
288 2254 354 2304 Eam
368 2256 557 2315 commorientes,
573 2252 719 2306 etc.'Plau·
805 2255 921 2304 rodium
931 2254 953 2304 li.
965 2255 1010 2306 luc.
1018 2254 1100 2307 Abest
1108 2275 1158 2306 eum
1164 2256 1278 2310 aMark.

207 2344 249 2390 tus
264 2350 321 2388 eam
335 2332 416 2385 latine
431 2331 592 2402 composuit,
606 2343 632 2382 et
647 2331 720 2384 Com·
763 2331 808 2384 sed
818 2331 845 2383 in
855 2331 946 2384 Boeud.
962 2331 1081 2385 additum
1092 2334 1208 2386 secunda
1218 2354 1279 2389 ma·

206 2414 329 2462 morientes
347 2411 504 2470 nominavit.
523 2411 658 2475 —Quale
674 2429 720 2463 au·
762 2429 809 2462 nu.
820 2411 890 2480 Guy.
902 2411 991 2462 locum
1004 2413 1076 2465 hunc
1085 2414 1224 2480 sollicitat,
1237 2415 1279 2467 le-

206 2503 260 2544 tem
276 2489 356 2543 fuerit
379 2504 405 2544 et
423 2490 673 2546 torneamentum
693 2502 721 2543 et
763 2507 841 2559 gens:
856 2491 906 2541 Hic
916 2509 974 2542 uero
987 2495 1086 2562 sumpsit
1094 2493 1149 2543 sibi.
1161 2522 1201 2534 —
1215 2495 1278 2548 Hic.

209 2569 418 2646 Commorieretium
437 2581 641 2640 argumentum,
664 2588 720 2622 non
763 2570 814 2621 Ms.
835 2569 914 2622 Lind.
928 2571 1191 2641 laiacL-Irrtegrum,
1205 2573 1279 2626 inta-

208 2662 328 2715 constat3
348 2639 432 2722 ¹quum
451 2648 547 2701 neutra
568 2666 600 2700 ex
616 2646 720 2701 duobus
764 2661 845 2701 ctum.
861 2649 975 2713 -Hie,
995 2651 1145 2704 Terentius
1155 2684 1195 2694 -
1208 2655 1280 2706 Eum

208 2728 345 2782 comoedus
350 2728 474 2801 supersit
482 2729 556 2780 Hanc
566 2727 652 2780 Plauti
665 2747 720 2781 esse
764 2728 840 2780 locum
850 2731 949 2798 sumpsit
956 2691 1020 2781 sibi'
1012 2750 1035 2780 ιιι
1043 2731 1175 2801 Adelphos.
1177 2731 1280 2785 Trans-
1316 2800 1318 2803 v

114 2838 117 2842 <
207 2823 286 2880 negat
296 2809 383 2862 Varro
396 2807 565 2872 comediam,
586 2820 611 2859 et
632 2807 721 2860 asserit
764 2809 950 2861 tulitinsuam
964 2809 1121 2862 comoediam
1138 2809 1278 2882 Adelphos

206 2889 342 2964 auctorem
357 2907 412 2941 esse
437 2889 476 2940 Μ.
501 2887 647 2958 Aquilium
668 2886 720 2939 Sed
763 2887 933 2957 inscriptam,
946 2906 1025 2958 quem
1047 2889 1128 2942 latine
1152 2904 1280 2945 verteret.

208 2960 298 3038 potior
309 2981 348 3020 est
360 2966 426 3019 fides
445 2967 573 3019 Terentii.
589 2967 662 3019 Inter
677 2986 720 3019 eas
763 2967 950 3037 -Adelphi·
942 2967 1025 3037 igitur
1036 2968 1125 3020 sabulo
1137 2981 1177 3021 est
1190 2988 1206 3021 a
1218 2970 1281 3041 Me·

209 3042 401 3118 quidem,qute
413 3058 571 3116 supersunt,
582 3044 669 3096 Plauti
681 3046 719 3097 fa·
763 3045 866 3098 nandro
882 3059 935 3098 tota
955 3061 1075 3117 sumpta,
1087 3057 1183 3117 praeter
1195 3049 1279 3106 iatum

208 3126 285 3179 bulas
296 3125 342 3178 illa
350 3144 409 3178 ιιοιι
419 3137 465 3178 est.
475 3124 564 3176 Potest
574 3142 636 3192 ergo
647 3123 720 3176 credi
763 3125 867 3195 Diphili
878 3125 976 3178 locum.
989 3127 1086 3178 Jarenc.
1170 3162 1174 3169 ·
1243 3137 1266 3144 ''

212 3202 403 3268 Commoriersetes,
412 3201 506 3258 fratres
512 3202 655 3274 significari
668 3222 720 3256 una
808 3222 852 3256 11.
865 3205 973 3256 Extulit.
990 3205 1138 3259 Transtulit
1148 3219 1173 3259 et
1184 3207 1280 3265 latini-

209 3281 254 3338 die
265 3283 410 3356 eademque
421 3286 489 3337 hora
497 3283 584 3336 mo'rte
595 3301 719 3353 suppres·
764 3296 817 3336 tate
830 3303 876 3336 cua
887 3281 1003 3337 donavit.
1014 3285 1091 3338 Fam.
1104 3286 1173 3338 Mire
1186 3300 1279 3340 nutem

190 3415 191 3418 ,
203 3381 260 3418 'soa
269 3365 304 3418 Et
313 3356 393 3425 etiam
405 3383 460 3417 non
472 3360 587 3415 absurde
598 3360 719 3415 admitte·
763 3382 820 3415 non
832 3362 900 3416 dixit
914 3365 1052 3427 transtulit,
1069 3363 1114 3418 sed
1130 3365 1218 3417 extulit
1224 3380 1236 3426 ,¹
1249 3380 1282 3420 ut

210 3457 292 3506 retur,
305 3442 399 3514 hicagi
408 3443 442 3497 de
451 3442 596 3496 amicorum
604 3439 720 3515 quodam
763 3461 869 3500 ornasse
880 3461 963 3512 greca
973 3441 1096 3496 videatur
1102 3444 1186 3496 latino
1197 3446 1280 3516 stylo.

210 3519 323 3595 genere,
335 3520 435 3596 quoram
448 3513 499 3591 (ut
517 3521 555 3574 ait
568 3521 635 3573 Caes.
652 3520 717 3572 Bell.
764 3522 858 3574 Donat.

209 3603 281 3656 Gall.
293 3603 351 3666 III',
370 3595 422 3671 aa)
441 3603 492 3654 lroee
509 3613 544 3653 est
559 3601 679 3666 conditio,
693 3612 721 3651 ut
806 3619 849 3654 ιι.
861 3603 936 3658 Eam.
949 3598 1029 3673 Euge.
1039 3602 1152 3655 eamdem.
1161 3603 1281 3657 —Ver·

210 3680 554 3734 omnihasr'ncitaacmmadis
565 3680 719 3732 unacumliis
764 3698 821 3732 sum
833 3681 907 3735 hunc
927 3693 953 3734 et
968 3680 1038 3734 duos
1060 3682 1106 3751 qui
1130 3696 1282 3751 sequuntur
1308 3676 1314 3692 '

204 3764 339 3829 fruantur,
350 3781 448 3833 quorum
458 3781 483 3813 se
497 3760 608 3811 amicitiae
622 3759 719 3810 dedide-
765 3761 869 3830 spurios
880 3774 956 3813 vocat
968 3761 1091 3832 Guyetus
1104 3773 1130 3812 et
1143 3760 1283 3831 rejicit.—

211 3847 278 3903 rint:
290 3846 313 3894 si
327 3841 387 3912 quid
400 3846 430 3894 iis
440 3842 544 3911 pervim
560 3840 669 3903 accidat,
679 3852 721 3890 aut
765 3841 839 3891 Eam.
855 3841 942 3895 Scilic.
962 3839 1109 3910 Adelphos.
1121 3870 1161 3883 -
1172 3841 1280 3894 Novam,

210 3921 316 3980 artmdem
333 3940 413 3973 casum
435 3940 483 3973 uria
499 3922 601 3987 strant,
620 3930 663 3988 aut
676 3919 722 3969 sihi
764 3920 835 3972 Dicit
852 3939 951 3980 trovam,
965 3919 1027 3990 quia
1047 3932 1149 3974 veterem
1165 3938 1282 3990 graecam

209 4013 305 4054 mortem
318 4005 472 4063 commiscum.
480 3999 514 4053 Et
524 3998 594 4053 idem
604 4016 647 4054 eos
656 3996 721 4051 dicit
765 4017 820 4053 esse
832 3999 1012 4070 intelligimus,
