2656 4830
349 369 574 440 ADELPH.
601 373 710 443 ACT.
738 374 798 460 11.
824 373 894 473 ξῦ.
923 376 988 445 tv.
1155 377 1203 464 45

130 502 275 571 Faciam.
290 501 356 571 Sed
372 503 611 598 Ctesiphonem
627 505 734 575 video.
749 508 861 576 Laetus
879 521 929 576 est

129 610 184 713 De
200 609 321 678 amica.
334 611 395 679 SA.
413 609 525 698 Quid?
543 611 633 705 quod
651 627 686 681 te
704 638 776 681 oro.
798 616 880 683 Sra.
902 611 1076 710 Paulisper
1096 639 1204 687 mane.

412 848 616 938 sesua
649 849 926 963 Quarti.
1040 888 1042 892 =

462 1104 698 1173 CTESIPHO.
720 1104 875 1174 SYRUS.

184 1355 248 1422 Cr.
262 1352 332 1423 Abs
347 1353 456 1447 quivis
471 1353 620 1440 homine,
635 1376 738 1446 quum
754 1367 805 1421 est
821 1352 1130 1447 opus,beneiicium
1150 1381 1204 1429 ac·

292 1458 402 1553 cipere
422 1458 583 1553 gaudeas3
1166 1493 1203 1533 ,ες

128 1569 260 1636 Verum
285 1567 374 1634 enim
398 1564 534 1634 veroid
556 1563 692 1633 demum
710 1565 822 1660 juvat,
844 1566 871 1634 si
893 1590 993 1660 quem
1015 1589 1145 1660 aequum
1163 1570 1203 1643 ’st

292 1670 419 1755 iacere,
438 1673 465 1741 is
485 1671 569 1740 bene
590 1671 678 1740 facit.

129 1780 163 1847 Ο
186 1777 309 1867 frater,
334 1773 451 1847 frater!
474 1777 554 1873 quid
575 1803 638 1872 ego
660 1801 750 1845 nunc
774 1792 807 1845 te
826 1775 980 1847 laudem?
1003 1781 1088 1849 Satis
1111 1799 1202 1854 ccrto

291 1885 388 1954 scio:
1062 1900 1066 1905 ·

127 1992 311 2085 Nunquam
333 1991 379 2060 ita
401 1990 577 2084 magnifice
594 1989 774 2083 quidquam
796 1989 920 2074 dicam,
939 1989 973 2057 id
994 1992 1098 2060 virtus
1122 1998 1202 2088 quin

290 2109 424 2191 superet
441 2110 507 2164 tua.

126 2204 248 2298 Itaque
273 2227 376 2271 unam
400 2202 488 2270 hauc
512 2226 583 2270 rem
610 2225 664 2302 rue
687 2200 812 2269 habere
837 2217 958 2296 praeter
983 2201 1064 2272 alias
1083 2207 1202 2299 pracci-¹

290 2332 391 2405 puam
413 2309 576 2396 arbitror,

126 2519 225 2573 Mentor
240 2530 279 2572 est
299 2518 347 2589 qui
366 2517 490 2571 beneficii
505 2518 640 2581 meminit;
687 2537 748 2582 cere,
762 2515 890 2581 benefacit.
905 2547 944 2560 -
958 2518 993 2571 Id
1010 2519 1104 2571 &mum
1120 2525 1200 2591 juaat.

126 2610 224 2670 gratia,
237 2595 285 2669 qui
293 2598 379 2651 vicem
394 2599 474 2650 etiam
484 2595 581 2651 reddit.
688 2595 812 2651 Ostendit
820 2597 880 2667 plus
891 2615 946 2650 esse
954 2597 1112 2669 quodjuaat,
1121 2619 1202 2670 quam

172 2678 240 2732 253.
253 2678 294 2730 Bi.
306 2676 432 2730 adscribit
444 2677 507 2731 huic
515 2697 592 2731 versu
602 2679 642 2729 De
685 2678 810 2746 gaudium.
833 2678 904 2728 Don.
917 2678 1043 2745 -Quem
1059 2698 1153 2749 oequum
1172 2680 1203 2732 'st

128 2762 219 2820 amica,
233 2775 300 2828 quas
308 2775 388 2815 ¹voces
395 2757 423 2809 in
430 2757 551 2828 sequenti
562 2775 642 2810 versu
677 2752 772 2814 ficere,
781 2775 813 2809 ex
824 2755 977 2808 necessitate
985 2774 1082 2827 nempe
1092 2759 1203 2830 propin.

127 2837 340 2910 reponimus-¹
350 2835 641 2904 Sedubfaciam.Since·
686 2835 801 2906 quitatis.

128 2935 160 2971 re
171 2930 198 2971 et
215 2920 266 2969 sine
280 2915 337 2969 dala
355 2916 493 2970 consulam
505 2917 558 2968 tuis
571 2935 644 2969 com·
731 2915 797 2986 ²57·
815 2913 886 2984 Quid
902 2933 946 2983 ego
963 2927 1073 2967 nancte.
1092 2917 1136 2970 Br.
1159 2922 1202 2990 qui

130 2995 228 3050 modis.
688 3014 734 3064 ego
745 3008 896 3048 renunc-
904 2994 929 3046 0
932 2995 1023 3061 frater,
1026 2993 1112 3058 fratta
1118 3004 1129 3048 !
1141 2996 1201 3050 Gte-

170 3074 645 3147 254.Guy.iutegrumhuncversum
689 3075 767 3146 sipho
785 3074 900 3127 maxima
924 3074 1014 3127 laetitia
1033 3075 1143 3128 affectus
1160 3095 1203 3147 ge·

129 3154 249 3208 hominis
271 3153 372 3209 indocti
391 3154 485 3207 ioetum
502 3153 583 3207 dicit:
600 3153 646 3207 sed
689 3155 773 3207 minat
800 3154 967 3206 vocationem
986 3153 1085 3219 fratem
1109 3166 1201 3208 contra

130 3235 228 3288 merito
239 3233 509 3305 vapulataBoeclero.
520 3234 566 3287 W
561 3245 646 3285 est-
690 3233 800 3296 Cicero,
817 3251 919 3284 summa
941 3232 1087 3287 calamitate
1116 3235 1201 3288 exsilii

131 3315 214 3367 Latias
225 3314 390 3373 estdeamica.
405 3333 485 3384 quam
498 3331 571 3366 nunc
579 3332 644 3385 pos·
688 3331 844 3384 oppressus,
865 3311 943 3364 fratri
963 3331 1011 3365 suo
1032 3313 1138 3379 scribit,
1161 3327 1201 3368 ter

97 3407 101 3412 ’
132 3391 579 3466 ιίἆει-ριιοᾰθᾳιωᾶτεονοᾸιΙ
593 3405 644 3457 est,
688 3394 751 3445 item
774 3391 859 3462 posita
881 3391 960 3444 hacce
984 3393 1138 3458 vocatione,
1165 3398 1198 3446 mi

133 3470 220 3544 quid?
236 3490 329 3544 agema
349 3471 424 3545 quod
440 3485 465 3525 te
484 3490 587 3543 precor.
602 3505 643 3515 -
680 3469 773 3537 frater,
783 3470 1076 3543 mistatmtfratEpad
1086 3473 1202 3539 Q.Fr.1‚

133 3551 260 3623 Paulisper
272 3571 348 3606 mane.
363 3550 458 3613 Adde,
472 3571 583 3604 seorsum.
692 3550 737 3604 13.
751 3551 817 3603 Perl.
837 3581 877 3590 -
894 3550 974 3619 Quid,
993 3563 1104 3623 propter
1122 3551 1202 3623 quid,

174 3630 239 3684 255.
251 3632 306 3684 Ab.
322 3636 405 3704 quivis.
418 3635 443 3682 A
456 3632 584 3703 quolibet.
692 3631 736 3682 cui
748 3628 838 3682 bono?

176 3709 242 3764 256.
254 3712 281 3764 Is
291 3706 425 3774 benefacit.
439 3712 508 3763 Don.
517 3710 574 3762 benc
583 3709 648 3762 omi·
735 3707 798 3762 258.
809 3708 908 3759 Dicam.
920 3707 993 3762 C.G.
1002 3728 1102 3781 m.sup.
1111 3711 1200 3782 script.

137 3787 196 3843 sisse
211 3801 257 3843 aut
268 3791 359 3861 potius
370 3810 425 3844 non
433 3789 526 3861 legisse
537 3800 646 3859 apparet
691 3789 721 3840 de
729 3792 775 3840 tuis
783 3787 903 3840 laudibus.

139 3884 168 3919 ex
180 3870 269 3923 verbis
286 3871 365 3941 ejus:
392 3897 403 3919 =
416 3870 473 3922 bene
485 3866 646 3921 subaudien·
733 3867 797 3936 259.
819 3867 901 3920 Alias.
920 3867 964 3920 Sic
981 3886 997 3920 a
1013 3869 1090 3920 Bent.
1113 3886 1203 3921 corre-

139 3943 199 3999 dum
210 3962 249 4002 est
261 3949 303 4002 bis
312 3967 433 4003 numero.
450 3974 461 3995 ι
476 3944 645 4018 Mssquidd.
691 3959 763 3999 ctum
786 3947 887 4018 recepit
913 3947 1009 3999 Perlet.
1027 3946 1107 4017 Vuig.
1131 3948 1200 4000 alios.

142 4022 283 4099 deficere,
296 4026 429 4098 beneficit,
440 4028 483 4081 alii
494 4040 599 4092 contra,
604 4027 647 4093 fa·
690 4056 731 4066 -
747 4026 843 4079 Proeter
855 4027 926 4078 alias.
934 4026 992 4079 Prae
1004 4025 1060 4078 aliis
1073 4026 1161 4078 rebus.
