2656 4830
332 347 337 356 ’
374 380 586 448 innuen.
616 384 724 450 Aer.
754 383 787 463 1,
817 380 885 448 sc.
917 380 965 447 11.
1083 359 1088 367 “
1149 375 1196 448 25

123 498 251 577 Amat?
266 510 411 578 Dabitur
430 535 450 578 a
468 535 521 579 me
537 528 731 609 argentum,
746 512 825 580 dum
845 513 908 580 erit
926 510 1161 580 commodum:

128 617 197 684 Ubi
221 642 287 684 non
308 618 387 701 erit,
407 617 545 686 fortasse
562 618 757 688 excludetur
778 619 875 686 foras.
1164 651 1201 676 no

126 725 230 790 Fores
251 721 406 816 effregit?
422 725 666 812 Restituuntur3
684 723 816 793 discidit

126 826 288 896 Vestem?
304 829 524 898 Resarcietur.
540 835 615 919 Est,
631 832 691 901 Dis
709 833 832 925 gratie,

126 938 174 1002 Et
189 935 278 1001 unde
297 934 368 1003 haec
388 935 485 1022 fiant,
501 951 535 1005 et
555 886 665 1006 adliuc
684 963 752 1006 non
771 936 909 1004 molesta
926 917 1013 1004 sunt.

126 1044 302 1108 Postremo
320 1055 378 1109 aut
398 989 527 1126 deside,
547 1058 605 1111 aut
622 1045 704 1112 cedo
726 1044 874 1137 quemvis
894 1042 1078 1110 arbitrum:

126 1150 175 1214 Te
197 1146 291 1240 plura
311 1148 343 1214 in
361 1146 429 1216 'hac
450 1174 485 1216 re
503 1155 642 1242 peceare
663 1148 846 1219 ostendam.
864 1151 928 1218 De.
949 1150 1013 1217 Hei
1032 1142 1133 1216 mihi!
1165 1171 1201 1210 ηε

127 1255 228 1321 Pater
245 1278 315 1322 esse
334 1253 423 1323 disce
437 1255 480 1322 ab
498 1254 576 1341 illis,
591 1259 647 1350 qui
666 1281 743 1324 vere
763 1256 881 1324 sciunt

127 1361 191 1428 Mi.
211 1362 341 1428 Natura
362 1374 398 1428 tu
418 1358 465 1428 illi
486 1377 581 1455 pater
603 1388 656 1448 es,
674 1361 815 1432 consiliis
835 1386 907 1454 ego.

125 1572 169 1622 cit.
188 1597 230 1609 —
252 1565 384 1622 obsonate
401 1571 485 1627 Inute
508 1573 640 1642 epulatur.
687 1572 796 1632 fuerint,
808 1572 843 1622 ob
850 1571 1020 1633 AEschiuum,
1033 1570 1100 1622 mihi
1115 1589 1201 1623 reser-

125 1681 168 1690 --
196 1646 256 1700 Olet
272 1644 416 1718 unguenta?
437 1651 641 1720 Unguentoruin
686 1650 788 1705 cienda.
804 1652 870 1703 Perl.

125 1725 259 1781 odoribus
276 1729 380 1803 fragrat.
397 1755 441 1769 -·
455 1729 495 1780 De
509 1749 570 1781 meo.
586 1732 640 1782 Inr-
731 1731 928 1792 124.Postremo
938 1742 982 1781 aut
993 1730 1089 1793 desine,
1104 1743 1149 1782 eut
1160 1751 1199 1781 ce·

124 1807 217 1876 pensis
239 1808 304 1861 meis
325 1809 381 1861 haec
401 1807 478 1870 facit,
501 1827 556 1861 non
578 1829 640 1862 vero
685 1812 734 1874 do,
751 1823 800 1863 etc.
824 1812 877 1863 Aut
892 1809 982 1862 desine
1000 1827 1102 1862 mecum
1121 1811 1200 1862 alter·
1279 1856 1283 1863 .

125 1886 191 1939 tuis.
686 1890 756 1950 cari,
774 1903 818 1942 eut
840 1890 909 1942 oller
931 1908 1008 1961 quem
1031 1900 1060 1940 tu
1084 1907 1200 1959 cumque

171 1962 639 2040 119.Amat?NuninterrogantBr.
685 1970 802 2024 volueris
821 1968 938 2038 judicem
964 1969 1038 2020 istius
1059 1968 1128 2020 inter
1152 1987 1201 2020 nos

126 2046 205 2098 Bent.
224 2060 284 2117 post
303 2059 382 2104 amat,
397 2066 484 2117 neque
497 2062 557 2119 post
568 2049 641 2115 effee-
686 2049 878 2103 controversiae.
896 2049 1009 2098 Vincam
1029 2064 1199 2116 quocumque

124 2130 179 2194 git,
197 2145 247 2178 nec
264 2140 324 2198 post
338 2139 436 2178 uestem.
454 2128 532 2182 Both
542 2127 613 2180 delet
626 2150 641 2179 a
683 2126 791 2199 judice,
808 2139 834 2179 et
854 2129 883 2180 in
901 2127 1023 2197 pluribus
1042 2143 1152 2197 peccare
1171 2140 1199 2180 te

127 2225 165 2256 me
173 2225 250 2277 pro
261 2225 315 2278 quo
334 2205 422 2260 datB.
436 2211 465 2258 ei.
491 2241 529 2250 -
544 2209 642 2260 Amat?
686 2205 837 2272 ostendum,
843 2221 869 2260 te
878 2224 1108 2277 esseiniquiorem
1118 2225 1199 2276 quam

126 2284 238 2337 Amicus
250 2287 388 2339 hahet
400 2287 466 2338 Dum
480 2293 641 2339 eritwmmo·
686 2307 735 2357 ego
750 2288 806 2339 sim.
820 2287 881 2342 Juv

126 2365 196 2418 dum.
204 2363 341 2439 Quamdiu
355 2365 421 2418 mihi
437 2367 546 2421 facultas
559 2365 641 2420 dandi
731 2368 795 2420 125.
813 2367 849 2419 Te
858 2367 970 2436 plutum
984 2367 1029 2416 Ιιαι
1042 2385 1075 2417 re.
1090 2366 1131 2418 lta
1144 2367 1201 2436 ple

129 2444 194 2505 erit
687 2448 763 2518 rique
785 2446 857 2499 lihri.
880 2443 1025 2512 Quidam'
1016 2464 1041 2495 m
1057 2445 1119 2495 lianc
1141 2465 1196 2498 rem.

172 2542 236 2576 120.
252 2524 301 2576 Ubi
312 2544 360 2577 non
375 2529 428 2582 erit.
444 2526 559 2592 Quando
575 2526 641 2579 defi·
687 2528 776 2580 West.
787 2527 831 2579 Br.
842 2539 866 2578 et
879 2539 909 2579 te.
919 2557 960 2567 --
971 2525 1021 2576 Hei
1033 2524 1106 2575 milti!
1123 2527 1198 2578 Bent.

127 2605 183 2656 ciet
197 2605 320 2674 pecunia.
330 2637 368 2646 —
380 2607 495 2659 Fortasse
504 2608 643 2659 excludetur

122 2685 206 2750 sorus.
237 2685 278 2735 Ab
300 2686 398 2747 amica,
424 2704 468 2737 seu
491 2687 642 2745 meretrice.

128 2764 250 2820 Donatus
268 2764 335 2816 bene
353 2766 469 2836 agnoscit
485 2785 573 2818 mores
589 2767 641 2818 Mi-

129 2843 216 2895 cionis
231 2843 260 2894 lu
275 2862 339 2895 voce
358 2845 475 2902 fortasse.
494 2845 563 2898 Nam
585 2846 642 2897 brec

129 2921 197 2976 dicit
208 2936 238 2977 ut
248 2937 322 2993 peter
330 2923 484 2995 indulgens,
497 2937 523 2977 et
532 2924 642 2977 credens

128 2999 321 3055 adolescentem
336 3023 411 3074 posse
425 3004 503 3056 etiarn
516 3005 596 3074 gratis
610 3006 642 3056 ah

128 3083 214 3135 amica
228 3085 320 3136 amari.

174 3181 207 3214 Η
216 3181 240 3215 1.
256 3163 283 3213 F
281 3183 331 3214 ores
344 3166 462 3231 effregit?
473 3168 626 3215 restituentur
632 3185 642 3225 ;

127 3236 218 3294 duem.
239 3255 288 3294 ete.
300 3243 379 3296 Hunc
393 3244 483 3295 locum
497 3244 591 3311 Cicero
605 3244 642 3296 ci·

129 3334 168 3375 tat
189 3341 240 3393 pro
255 3323 350 3387 Caelio,
368 3324 451 3385 XVI,
467 3325 515 3374 sub
531 3342 642 3393 persona

128 3401 246 3454 mitioris
260 3409 349 3473 patris.
361 3401 470 3455 Fumab,

175 3501 241 3535 122.
255 3483 305 3534 Est
323 3494 347 3536 et
358 3483 420 3534 unde
432 3482 482 3532 lroeu
505 3493 563 3532 rant.
581 3482 641 3533 Non

688 2607 732 2658 Br.
746 2608 782 2657 Ei
795 2608 861 2658 milri.
1029 2670 1032 2676 Δ

732 2691 795 2738 126.
805 2685 846 2737 Ab
853 2686 911 2736 illis.
921 2683 987 2746 Alii,
1000 2683 1030 2733 ab
1038 2683 1198 2753 aliie-Qui

687 2783 743 2815 vere
754 2769 839 2816 sciunt.
854 2766 928 2815 Bent.
943 2761 985 2814 ed.
1002 2765 1043 2832 qui
1061 2765 1114 2812 veri
1127 2766 1197 2817 sient.

688 2844 756 2895 Nam
766 2847 794 2896 τὸ
804 2847 867 2894 siem
877 2841 1065 2913 conjecturavit
1074 2843 1128 2912 jam
1139 2857 1199 2896 ente

688 2923 843 2975 Palnierius.
853 2955 894 2965 —
907 2924 983 2974 Pater
994 2942 1043 2973 esse
1060 2922 1132 2973 disce.
1151 2924 1198 2974 Di·

689 3021 732 3054 sce
747 3015 772 3054 te
784 3016 886 3072 patrem
899 3001 1083 3073 gerere—Ab
1092 3003 1141 3055 illis
1154 3007 1195 3074 qui

688 3103 745 3134 vere
763 3087 853 3146 sciunt,
869 3083 979 3152 supple,
992 3081 1103 3150 patriam
1123 3094 1198 3153 pote-

687 3176 780 3219 statem
802 3180 932 3214 exercere.
944 3162 978 3213 Et
996 3161 1097 3223 innuit,
1112 3173 1198 3232 patres

689 3243 766 3313 ipsos.

732 3341 795 3389 127.
810 3322 907 3372 Natura
920 3332 945 3370 tu
959 3321 1073 3394 illiputer·
1088 3341 1126 3376 es,
1142 3341 1199 3371 eon·

687 3401 747 3452 siliis
761 3421 814 3470 ego.
828 3401 948 3472 Intellige
963 3401 1081 3464 consiliis,
1100 3425 1110 3446 α
1129 3414 1200 3453 recta

688 3479 860 3533 institutione.
879 3507 889 3527 n
911 3511 950 3519 —-
969 3478 1027 3531 Hoc
1045 3492 1130 3531 totum
1148 3493 1200 3542 est,

129 3559 206 3613 deest
234 3562 314 3614 nobis
339 3561 453 3634 pecunia
473 3579 503 3612 ex
530 3579 580 3631 que
598 3561 640 3612 isti
687 3561 761 3629 quasi
775 3560 893 3612 diceret:
913 3585 924 3605 «ι
942 3561 984 3611 Τιι
1005 3558 1129 3629 quidem,
1147 3561 1199 3611 De-

130 3653 256 3711 sumptus
268 3640 340 3694 fiant.
688 3659 754 3701 mea,
766 3639 892 3692 AEschino
906 3651 980 3708 puter
995 3657 1039 3701 es,
1054 3651 1134 3707 atque
1148 3639 1200 3691 hoc

175 3719 241 3772 123.
252 3722 289 3777 Et
300 3723 370 3775 unde.
384 3719 500 3785 Quidum
513 3720 572 3771 libri
587 3738 641 3771 non
687 3720 825 3772 fortuitum
836 3732 882 3771 est.
898 3717 950 3770 Sed
964 3736 1012 3786 ego
1026 3718 1071 3788 qui
1085 3716 1199 3769 destina-

130 3805 280 3871 agnoscunt
306 3802 334 3853 τὸ
363 3813 393 3851 et.
424 3802 483 3852 Dat.
507 3800 567 3870 Bip.
595 3801 644 3850 Est
687 3811 714 3850 to
736 3799 873 3871 proposito
894 3818 924 3851 uc
943 3797 1089 3849 deliberato
1112 3798 1199 3849 ani-0

132 3879 293 3948 mugram,
307 3901 377 3952 quum
390 3893 425 3932 est
435 3881 496 3931 uude
506 3877 643 3948 lroeefiunt:
689 3897 827 3949 personam
847 3879 927 3948 patris
946 3878 973 3928 in
983 3875 1142 3947 'adoptatum
1157 3874 1200 3927 in·

132 3969 157 4009 et
168 3959 247 4011 adduc
263 3979 324 4022 non,
339 3973 388 4013 etc.
405 3991 442 4001 -
457 3960 495 4011 Et
506 3959 584 4011 adduc
598 3979 644 4010 non
690 3957 746 4019 dui,
762 3959 829 4010 nihil
842 3956 1029 4029 praetermitto,
1046 3956 1108 4026 quin
1126 3955 1162 4006 itu
1176 3954 1215 4007 ei.

135 4039 232 4090 molesta
247 4052 309 4090 suut.
322 4039 428 4092 Scilicet
445 4039 537 4109 siquae
547 4037 644 4092 damna
690 4039 842 4102 consulum,
878 4037 944 4089 sicut
979 4036 1067 4088 liberis
1099 4036 1202 4087 consuli
