2656 4830
317 368 546 468 innuen.
576 369 680 434 Aer.
706 369 740 450 1,
763 368 828 433 sc.
859 370 885 433 1.
1093 367 1135 437 ιι

60 506 202 584 Parare,
223 499 314 594 quod
335 501 378 566 sit
399 501 525 584 carius,
542 523 643 592 quam
666 499 736 592 ipse
756 513 804 567 est
825 497 905 565 sibi?

45 610 166 701 ,Atqui
183 633 223 674 ex
240 631 294 675 me
309 605 364 672 hic
381 631 449 673 non
464 621 561 674 natus
577 618 645 690 est,
661 604 719 673 sed
736 629 776 671 ex
793 604 905 673 fratre.
925 607 958 672 Is
973 605 1059 674 ndeo
1113 636 1138 680 r..

62 712 241 783 Dissimilis
264 711 373 780 studio
393 726 458 796 est,
473 712 542 804 jam
564 710 639 778 inde
657 710 699 778 ab
718 709 950 779 adolescentia.

62 823 138 914 Ego
159 820 248 888 hanc
269 801 466 886 elementem
490 819 589 885 vitam
611 816 792 901 urbanam,
819 831 917 910 atque
937 821 1041 887 otium

62 929 203 995 Secutus
222 949 315 1008 sum,
330 937 363 992 et
381 924 473 1017 quod
490 923 696 992 fortunatum
715 924 769 990 isti
784 937 921 1016 putant,
1109 914 1112 920 ’

64 1152 139 1224 Lips.
157 1165 183 1204 et
196 1151 239 1205 ed.
252 1151 332 1222 prim.
345 1151 447 1204 habent
458 1154 581 1203 instituere
623 1152 684 1203 arico
698 1151 824 1204 nobilem.
839 1177 849 1198 ι
863 1152 957 1204 Donat.
966 1144 1103 1220 (Vid.vol.
1116 1156 1137 1214 Ι,

64 1237 91 1285 iu
111 1235 198 1284 auimo.
232 1263 267 1279 ›-
288 1231 400 1302 Aliquid.
427 1233 580 1283 Membrum
623 1251 682 1302 pag.
702 1227 781 1291 253.)

64 1309 582 1383 aliquod—Valinuemquamuelromi·
663 1317 708 1374 41.
729 1311 861 1362 Dissimilis
880 1310 944 1364 stud.
965 1312 1008 1365 sic
1031 1314 1138 1364 Vetere.

62 1411 117 1444 uem
130 1397 155 1443 r'u
169 1394 273 1442 animum
285 1394 415 1442 instituere.
426 1390 506 1443 Hicce
520 1390 580 1441 inti·
624 1389 684 1443 cod.
696 1391 773 1442 Bent.
784 1391 817 1441 In
829 1389 886 1442 aliis
898 1392 952 1442 Mes
964 1403 990 1444 et
1003 1391 1065 1444 edd.
1082 1393 1141 1444 Dis·
1186 1447 1188 1451 ,

62 1472 165 1524 nitivus
177 1470 245 1522 nihil
260 1469 368 1522 habeta
385 1488 439 1540 quo
452 1468 580 1540 pendeat;
623 1461 703 1523 simili.
718 1469 791 1540 Guy.
805 1470 877 1522 buno
887 1489 1010 1536 versum,
1025 1484 1056 1523 ut
1071 1490 1140 1543 saepe

63 1549 110 1603 sed
124 1551 161 1603 sio
170 1551 281 1602 Veteres
293 1549 429 1601 infinitivo
442 1549 480 1601 uti
495 1551 581 1600 solent
624 1550 705 1614 alios,
720 1544 819 1602 delevit
831 1551 975 1602 immerito.
987 1543 1091 1603 ὲ-Ιαιιι
1103 1555 1140 1602 iu·

63 1632 92 1682 in
109 1628 333 1683 admirationibus
346 1642 372 1680 et
387 1627 581 1698 indignationi·
623 1629 698 1680 duob
719 1629 822 1680 adolere.
844 1630 900 1681 Ien.
922 1629 1016 1684 colloo.
1033 1634 1086 1701 jam
1107 1632 1139 1682 ab

61 1711 128 1775 hus,
143 1707 381 1777 subintelligentes,
395 1709 528 1759 mirandum
537 1719 581 1774 est,
623 1710 727 1761 adolere.
745 1709 926 1778 Cacophonia.
942 1709 1009 1762 Perl.
1024 1743 1064 1754 -
1079 1710 1139 1763 Du-

61 1803 100 1841 cst
110 1789 232 1842 credibile.
244 1788 406 1839 Ruhnkheu.
417 1817 458 1827 --
465 1789 495 1840 Iu
506 1792 579 1840 anim.
622 1791 707 1840 similis
716 1789 805 1840 studio.
816 1789 955 1841 Dissimilis
964 1789 992 1841 iu
1002 1791 1139 1843 instituen-

63 1872 143 1920 iustit.
157 1879 201 1919 aut
208 1887 307 1938 parare.
330 1867 464 1919 Particuia
477 1880 521 1918 out
530 1866 582 1918 dis·
624 1866 658 1920 da
670 1869 733 1921 vita.

62 1941 202 2014 iunctiva,
222 1946 320 1999 indicat
338 1943 404 1998 duas
422 1947 520 2005 resilio
538 1948 581 2017 agi
665 1954 710 2009 42.
729 1942 756 1990 V
753 1951 811 1999 itum
831 1947 954 1998 urbanum
965 1960 1036 2017 utque
1055 1953 1141 2000 otium·

64 2027 198 2092 diversas3
209 2027 451 2079 scilicetinuuimum
466 2028 578 2086 instituit,
623 2025 695 2077 Vide
711 2045 744 2077 an
757 2024 900 2095 legendum
915 2027 960 2089 sit,
976 2032 1053 2079 uitam
1067 2028 1141 2079 urba·

63 2109 115 2179 qui
154 2105 244 2159 sedem
275 2105 435 2158 amicissimo
475 2103 581 2159 cuidam
624 2125 724 2177 numque
740 2109 821 2157 otium.
840 2104 896 2158 Cic.
915 2107 965 2175 Ep.
988 2107 1053 2159 Fam
1069 2108 1141 2172 XII,

63 2207 115 2241 suo
130 2199 216 2239 servat
230 2186 258 2237 in
271 2198 393 2255 pectore;
404 2196 481 2254 parat
494 2197 580 2237 autem
627 2203 639 2236 1
655 2203 693 2241 τι
705 2187 741 2237 Ut
756 2204 804 2255 ego
814 2184 921 2254 quidem
934 2198 960 2238 et
973 2186 1035 2238 urbi
1049 2200 1074 2238 et
1084 2187 1141 2239 otio

62 2268 114 2338 qni
131 2266 211 2331 emit,
228 2277 259 2316 ut
280 2265 316 2317 ita
333 2262 436 2328 dicam,
457 2277 483 2315 et
501 2264 582 2316 sumit
624 2263 775 2316 diffiderem
791 2266 902 2317 urbano.
918 2291 929 2311 ι
942 2297 983 2308 -
999 2267 1073 2317 Hauc
1091 2269 1139 2318 cle-

62 2345 192 2411 aliunde3
215 2363 299 2415 quum
321 2341 349 2394 in
371 2342 529 2413 adoptione,
546 2342 581 2395 de
624 2358 723 2397 mentem
732 2345 1138 2399 vitamurbuuum.Haneoomem

62 2445 119 2497 qua
140 2426 185 2477 hic
210 2442 318 2487 sermo,
338 2441 421 2492 genus
445 2420 581 2492 quoddam
624 2425 691 2495 elegi
711 2425 807 2487 vitam,
826 2425 956 2477 urbanam
971 2438 1050 2496 atque
1070 2440 1142 2479 tran·

62 2503 214 2576 emptionis
226 2501 410 2554 intercederet.
542 2553 545 2560 ,
624 2505 742 2574 quillam.
759 2504 867 2557 Clemens
876 2505 948 2556 euim
957 2505 1002 2558 hic
1015 2503 1086 2557 idem
1101 2524 1142 2559 eo·

109 2584 157 2654 39.
180 2582 283 2635 Parare.
299 2582 418 2653 Guyetus
433 2583 462 2634 in
475 2582 582 2635 scholiis
624 2581 878 2654 natquodplucidus,
890 2588 991 2653 quietus.
1004 2583 1140 2637 SiePlaut.

62 2665 134 2717 Mes.
146 2665 252 2726 Parere,
265 2660 294 2714 id
303 2674 342 2714 est
351 2663 440 2714 τίκτειν
452 2660 581 2714 defendit.
625 2664 709 2716 Stich.
721 2663 773 2725 lv,
787 2682 812 2714 1.
822 2661 958 2714 «Hodiene
968 2681 1142 2715 exoneramus
1237 2654 1240 2659 ¹
1257 2652 1259 2657 ἲ

24 2774 28 2778 ⁴
60 2747 120 2797 Dat
136 2742 249 2795 Bothius
262 2759 269 2794 :
283 2760 355 2813 quum
377 2746 441 2811 ipsiu
462 2742 526 2792 sibi!
542 2741 583 2793 Ac
624 2761 719 2795 navem
728 2780 735 2805 ‚
750 2741 838 2793 frater.
851 2741 896 2800 Pr.
907 2741 1041 2794 Clementer
1048 2743 1137 2795 volo.»

63 2825 129 2878 Non
137 2844 167 2876 ec
173 2842 210 2874 me
219 2833 303 2885 natus,
309 2822 401 2887 fratris
410 2823 449 2873 lu'c
459 2833 502 2872 est.
511 2820 583 2872 Adeo
625 2823 716 2873 Minus
728 2833 816 2872 autem
824 2821 996 2890 probaremus
1005 2823 1140 2874 Donatum

66 2908 88 2955 ir
106 2915 143 2955 est
157 2903 289 2954 Dissimilis
303 2901 401 2952 studio:
415 2920 471 2952 uum
483 2900 538 2951 iude
552 2900 583 2950 ab
626 2901 804 2972 explicantem
814 2904 867 2950 uita
881 2901 996 2965 clemens,
1012 2921 1071 2972 quae
1088 2903 1141 2955 oie·

65 2983 230 3036 adolescentia
243 2982 315 3051 Ego,
328 2993 378 3033 etc.
455 2985 459 2995 '
627 2979 853 3033 mentesfacit.-
865 2980 957 3033 Otium.
969 2980 1143 3034 Subaudihic

111 3069 155 3125 40.
170 3061 257 3133 Atqui.
277 3061 308 3112 L.
335 3059 427 3112 Bemb.
448 3071 527 3130 utque.
544 3089 584 3101 —
628 3059 707 3114 etiam
720 3061 845 3112 urbanum.

66 3144 121 3194 Hic
134 3160 182 3193 nou
197 3149 269 3192 uatus
284 3153 328 3194 est.
344 3141 376 3192 Iu
390 3139 447 3191 aliis
460 3141 499 3191 iric
514 3151 584 3189 nutris
669 3142 714 3203 43.
729 3141 803 3208 Quod
810 3141 925 3207 fortun
940 3153 989 3192 etc.
1002 3140 1093 3193 Guelf·
1109 3161 1143 3205 2,

67 3241 119 3274 uon
128 3233 170 3272 cst.
182 3218 317 3291 -Atqui
329 3219 390 3271 Haec
401 3219 530 3287 particula
540 3218 585 3270 ob
629 3240 722 3290 quo.-
737 3221 920 3284 fortunatum.
936 3220 1057 3291 Guyetus
1078 3239 1143 3298 con-

64 3301 181 3374 jectioni
193 3299 311 3352 inservit.
323 3306 360 3352 Ex
380 3315 494 3350 menon
509 3310 585 3349 natus
627 3299 914 3368 jecitiufortuuotum5
907 3312 1010 3371 mepte,
1027 3313 1057 3352 ut
1069 3293 1146 3371 putat

68 3394 125 3445 est,
145 3398 199 3433 non
219 3396 301 3432 meua·
314 3390 361 3431 est.
383 3378 464 3442 Quasi
485 3376 556 3430 dicat
579 3394 585 3428 :
630 3378 689 3448 Bip.
704 3377 863 3431 edit-Et
873 3379 938 3449 quod
942 3387 1094 3445 fisrtunatum
1105 3383 1146 3432 isti

68 3480 106 3512 ex
119 3478 229 3512 menon
243 3471 297 3518 est,
310 3457 381 3510 etsie
391 3457 508 3520 afficior3
520 3455 587 3527 quid
626 3470 726 3527 putant,
734 3478 829 3510 uxorem
838 3478 923 3530 uuuq,
933 3473 981 3512 eto.
990 3461 1024 3511 Et
1032 3460 1072 3512 fui
1082 3479 1147 3512 sem·

67 3552 184 3611 paterer,
194 3537 386 3609 sigenuissem?
397 3538 531 3588 Donat-
538 3534 589 3587 Sed
631 3557 679 3607 per
692 3538 798 3603 caelebs,
818 3537 891 3608 quod
912 3538 1020 3609 quidem
1039 3539 1082 3592 isti
1096 3540 1146 3591 ho·

69 3641 101 3672 cu
113 3621 203 3686 fratre.
217 3619 243 3671 Is
260 3617 335 3680 odeo,
352 3629 400 3670 etc.
419 3618 519 3688 Argute
530 3616 587 3668 haec
630 3617 730 3678 mines,
743 3618 789 3688 qui
804 3618 927 3670 habitant
940 3636 1044 3671 mecum
1059 3620 1088 3670 in
1100 3638 1146 3671 ur·
1168 3628 1171 3634 '

68 3700 219 3769 finguntur,
233 3716 296 3749 nam
310 3715 358 3767 per
371 3697 587 3766 conjunctionem
631 3699 680 3760 be,
704 3710 800 3768 putant
820 3716 874 3753 esse
901 3697 1092 3751 felicissimum.
1109 3723 1147 3747 —.-

69 3776 284 3831 transitumfacit
300 3775 335 3829 ad
353 3776 587 3828 narrationem—
631 3777 670 3828 Ea
679 3790 717 3829 est
728 3790 812 3830 textus
821 3777 978 3848 ambiguitas
987 3796 1046 3847 quae
1057 3778 1147 3848 plures

70 3860 114 3919 Is,
135 3859 235 3910 Demea
258 3858 346 3927 freter.
373 3887 413 3896 —-
433 3856 518 3919 Auo,
544 3868 588 3907 aut
632 3855 666 3907 ad
677 3854 705 3908 id
719 3857 826 3927 impulit
837 3871 867 3910 ut
879 3856 1073 3926 intelligerentt
1091 3856 1149 3910 «Et

69 3936 207 4000 abundat,
225 3949 271 3988 aut
286 3939 382 3988 nimium
399 3936 543 4004 significan·
558 3947 589 3986 ut
636 3955 774 4006 nunquam
798 3935 863 3988 duxi
877 3953 1005 4000 uxorem,
1028 3936 1149 4006 quamvis

71 4019 102 4070 iu
120 4016 252 4079 Eunuch,
274 4022 335 4078 ²04·
362 4015 591 4074 ‚Adolescentem
637 4016 679 4067 isti
688 4008 746 4089 (per
757 4029 941 4085 contemptum
952 4015 1026 4086 quasi
1036 4013 1150 4079 dietum)
1213 4014 1221 4035 ⁸
