2656 4830
261 358 475 427 ADELPH.
503 360 615 429 Aet.
644 358 701 442 11,
724 357 792 425 SC.
822 360 849 424 1.
1040 357 1082 429 31

120 491 308 586 respectas?
319 491 373 560 Nil
388 490 504 587 pericli
520 491 581 562 ’st:
599 514 788 585 nunquam,
801 490 880 559 dum
895 505 958 586 ego
972 491 1089 578 adero,

126 670 138 693 ‚
176 599 233 668 hie
252 614 285 668 te
302 612 427 693 tanget.

109 708 171 800 {go
191 707 291 774 istam
309 707 421 773 invitis
439 705 627 774 omnibus...

109 813 319 905 Quamquam
348 824 398 880 est
420 809 593 896 scelestus,
613 835 682 879 non
704 810 890 879 committet
911 809 1011 879 hodie
1031 834 1090 879 un·

174 941 293 1012 quam,
314 920 435 988 iterum
458 932 496 987 ut
515 915 660 1013 vapulet.
1051 940 1089 980 ιι.»

109 1025 275 1109 Esehine,
297 1024 391 1112 uudi;
411 1050 453 1093 ne
475 1038 509 1094 te
529 1027 683 1118 ignarum
705 1021 806 1090 fuisse
827 1018 917 1092 dicas
938 1046 1090 1092 meorum

177 1155 308 1199 morum
320 1157 328 1198 ι

109 1273 111 1292 ·
131 1261 195 1330 ego
211 1261 293 1304 sum.
309 1238 376 1306 AEs.
397 1236 483 1306 Scio.
501 1237 558 1305 SA.
574 1238 618 1304 At
635 1237 700 1321 ita,
720 1249 757 1303 ut
778 1248 917 1328 usquam
940 1234 1003 1304 fuit
1025 1234 1091 1304 fide

176 1343 351 1437 quisquam
370 1357 516 1439 optuma.

116 1550 196 1617 ,sine
217 1563 299 1602 metu.
316 1551 385 1603 Nam
411 1550 462 1603 nisi
482 1550 528 1622 qui
571 1551 695 1616 nonium,
704 1549 787 1622 quod,
798 1548 942 1603 obreditue
950 1569 982 1604 ex
992 1569 1085 1605 eorum

111 1642 185 1695 sest,
198 1631 297 1682 otiosus
309 1647 364 1683 non
376 1642 423 1683 eet.
433 1629 529 1682 Donat.
572 1630 693 1702 quamvis
711 1629 805 1682 infami
824 1641 926 1700 quattu
947 1631 1086 1701 publicos,

109 1728 130 1760 ιο
146 1710 193 1762 iic.
206 1709 239 1761 In
256 1710 309 1763 hoc
324 1711 394 1762 loco.
409 1710 529 1781 Emphn·
573 1722 677 1764 tantum
693 1721 764 1768 eret,
776 1723 806 1762 ut
819 1710 866 1781 qui
877 1708 930 1762 illis
942 1710 997 1762 vim
1011 1711 1088 1765 fecis·

108 1807 225 1860 rumque
239 1789 310 1841 binis
322 1790 478 1860 synonymis
488 1809 532 1842 ex·
573 1804 642 1854 seut,
651 1788 796 1843 exheredes
804 1785 906 1842 fierent}
918 1789 976 1859 Bip.
985 1823 1026 1832 —
1034 1789 1088 1846 Ad·

109 1887 145 1921 m.
160 1900 200 1912 -
215 1869 333 1922 Consiste.
346 1869 393 1922 Est
403 1873 531 1923 consistere
573 1869 614 1923 dit
628 1868 750 1922 Dacieria
768 1868 920 1939 exemplum
941 1886 956 1921 e
969 1871 1088 1924 Lucieno

108 1966 143 2000 :er
155 1962 180 2001 et
194 1961 345 2001 constanter
357 1962 434 2001 stare.
573 1948 773 2021 depromptum,
782 1946 829 1999 ubi
840 1948 956 2018 juvenis,
967 1968 994 2002 se
1010 1969 1025 2002 n
1038 1966 1086 2022 pn·

108 2033 125 2081 i.
139 2029 363 2099 Numquam,dum
379 2049 424 2099 ego
439 2029 528 2091 adem,
573 2043 613 2082 tre
632 2028 728 2098 injuste
747 2025 937 2079 exheredatum
959 2046 1087 2098 querens,

108 2127 162 2177 mg.
172 2108 248 2160 MSS.
263 2106 387 2179 quidam:
403 2122 538 2180 ιιιιιιιᾳιιιιιιιΙ
573 2107 725 2162 exclamat:
745 2133 756 2154 ι
769 2107 806 2167 τίς
832 2103 994 2176 reperienti<
1022 2106 1087 2180 tept-

109 2207 132 2239 m
145 2188 234 2251 adero,
251 2188 289 2238 ilc
303 2201 388 2258 tanget
405 2200 437 2242 te.
456 2187 524 2241 Alii:
573 2185 1090 2252 eran-Quisamelenofuitmuletntun?

114 2267 171 2319 dum
189 2287 226 2336 eg.
242 2268 316 2319 adero
334 2269 387 2332 liic,
405 2281 474 2337 tang.
496 2278 527 2320 te.
573 2301 613 2312 -
625 2268 688 2321 an
702 2286 759 2320 non
773 2264 806 2318 ad
824 2278 970 2335 terrorem,
985 2267 1016 2322 tit
1029 2269 1088 2322 Do-

108 2348 172 2399 iiter.
192 2350 225 2398 In
243 2346 305 2399 edit.
322 2348 382 2418 Bip.
400 2350 429 2401 τὸ
447 2359 532 2418 tanget
572 2360 665 2412 natum
680 2344 726 2399 sed
746 2344 779 2399 nd
797 2359 981 2416 contemptum
997 2348 1087 2404 retulit

108 2439 236 2498 quentem
264 2428 368 2498 incipit.
392 2461 432 2470 -
464 2429 533 2497 Quid
573 2424 1088 2500 Engraphius‚laudanteBmelero,qui

108 2513 159 2558 as?
183 2507 226 2559 Sic
238 2508 358 2577 loquitur
376 2506 531 2573 AEschinus,
573 2508 722 2578 auineitz«
736 2507 794 2559 Hoc
806 2506 864 2559 vuit
875 2505 975 2560 Sannio
982 2505 1089 2561 dicere·

108 2586 221 2638 ueretrix
242 2586 334 2639 timide
347 2587 473 2641 lenonem
488 2606 531 2640 re·
574 2589 638 2640 nolo
659 2599 685 2640 te
702 2604 768 2638 men
785 2585 975 2639 conditionis
967 2602 1088 2657 ignarum

109 2677 129 2719 t.
574 2686 642 2732 eene3
661 2667 723 2718 leno
740 2684 812 2728 sum,
827 2666 924 2729 feteam
945 2664 991 2716 sed
1012 2665 1088 2717 utin

108 2745 286 2815 i.Botb.p10
300 2751 371 2797 utam
380 2747 445 2817 legit
455 2746 530 2798 illam
574 2746 628 2799 hoe
640 2763 753 2816 genere
763 2743 844 2795 homo
857 2756 1089 2815 cnteranonpes·

108 2843 156 2876 um.
171 2826 252 2876 Deest
266 2826 391 2878 abducam
401 2826 475 2878 Bona
485 2844 530 2877 nu
574 2826 666 2879 rimus.
677 2822 753 2876 Nihil
763 2835 853 2874 nutem
861 2820 912 2875 tihi
926 2821 979 2876 hoe
990 2821 1090 2895 prode·

107 2917 130 2958 st
144 2905 254 2969 ὒλιιψις.
269 2906 356 2957 Nemo
368 2906 439 2957 enim
452 2905 532 2976 plene
575 2905 611 2957 rit
621 2943 629 2971 ,
638 2902 782 2975 quominus
795 2915 892 2973 ereptm
907 2901 1027 2956 mulieris
1039 2923 1090 2957 no-

108 3003 148 3049 ur,
163 2985 208 3054 qui
225 2986 349 3038 luctatur.
359 2984 453 3036 Domi.
575 2985 648 3037 mine
656 2999 718 3036 reus
728 2983 819 3052 peregi
839 2981 930 3053 punis.
943 2983 1012 3036 Tam
1022 2985 1090 3037 mihi

107 3083 126 3117 ι.
141 3065 292 3136 Quamquam
307 3076 351 3117 est.
364 3064 437 3129 Alii,
452 3082 534 3136 quam·
573 3065 616 3136 jue
635 3062 754 3126 dicetur,
775 3078 856 3132 quam
874 3062 928 3115 alii.
943 3088 954 3109 ι
971 3095 1010 3104 -
1023 3060 1089 3116 Seio,

113 3148 156 3196 sit.
176 3176 216 3185 -
235 3145 294 3197 Non
315 3148 453 3196 committet.
475 3145 532 3196 Ien.
580 3171 591 3192 ι
608 3140 852 3214 Iorsqu’Enchinus
865 3140 906 3194 dit
917 3143 1057 3211 selenis,
1070 3143 1091 3196 il

106 3227 248 3275 committat.
268 3257 308 3266 -
325 3225 384 3279 Non
405 3227 534 3277 committet
577 3242 612 3276 ne
629 3234 694 3276 veut
712 3239 760 3292 pas
775 3219 833 3273 dire
853 3223 867 3273 i
889 3220 1005 3275 Sannion
1025 3222 1089 3292 qu'ii

107 3321 125 3354 n
139 3303 218 3357 hodie.
233 3304 286 3356 Pro
301 3303 415 3376 simplici
429 3323 478 3356 non
493 3304 534 3354 ito·
578 3315 723 3374 respectern
736 3318 763 3355 sa
777 3301 942 3372 profession
958 3302 978 3354 il
989 3301 1030 3354 lui
1043 3301 1090 3356 fait

107 3385 205 3434 amittet·
217 3414 257 3425 -
269 3384 358 3435 Iterum
368 3385 476 3455 vapulet.
484 3383 534 3436 Su·
578 3378 725 3444 enteudre‚
747 3398 781 3433 nu
804 3379 952 3446 contraire,
970 3381 1035 3453 qu’il
1051 3380 1090 3434 lui

107 3462 176 3526 nim,
189 3480 272 3532 quum
286 3460 411 3517 meretrix
424 3480 535 3534 rapere·
578 3464 686 3516 conruit
703 3474 761 3514 tous
779 3461 817 3522 les
832 3461 902 3513 vicet
919 3457 967 3513 dee
982 3477 1046 3532 gens
1058 3460 1092 3514 de

107 3559 147 3592 ino
162 3542 305 3612 vapulavit.
322 3544 403 3613 Eugr.
580 3559 628 3595 son
638 3541 739 3595 metier.
748 3539 865 3594 sannion
876 3540 1022 3611 comprend
1028 3540 1091 3594 bien

107 3636 132 3674 1.
146 3621 346 3691 Meorum.Guy.
360 3625 397 3676 ob
406 3635 538 3686 metrum,
580 3623 606 3674 ln
625 3624 722 3692 pensee
742 3616 915 3685 d'Eschinm;
932 3618 994 3674 c'ett
1010 3638 1091 3692 pour·

107 3719 190 3752 meum.
213 3733 253 3742 —
274 3702 378 3756 Morum.
395 3701 484 3755 Gneii.
504 3719 536 3765 t,
581 3700 646 3773 quoi
659 3701 678 3752 il
689 3699 826 3771 repiique:
838 3700 934 3764 Arica,
945 3712 972 3750 ue
981 3718 1093 3771 usquam,

107 3800 156 3832 um.
174 3810 214 3822 -
224 3781 334 3833 Meorum
348 3780 537 3834 morum.1neti·
582 3793 631 3834 eto·
648 3807 658 3826 ·
674 3779 914 3839 &montier—Ut
924 3783 1094 3851 mquamquis-

108 3861 153 3912 itae
164 3877 238 3912 meae.
583 3872 726 3933 quam‚etc.
740 3858 802 3913 Non
812 3859 899 3911 minus
911 3858 1023 3930 quomis
1035 3859 1096 3929 qui·

107 3958 132 3992 2.
148 3940 263 4009 Usquam
275 3939 364 3994 Guelf.
382 3942 412 4001 3,
426 3958 538 4010 unquam.
583 3940 664 4002 libet,
686 3958 766 4010 quern
798 3939 900 4008 optima
926 3936 1095 3991 commendat

106 4038 146 4070 mo
162 4039 208 4088 ego
225 4039 285 4072 sum.
303 4021 424 4073 Postuiat
443 4022 486 4090 jus
500 4019 540 4072 le·
584 4018 659 4072 fides.
