2656 4830
214 391 261 464 36
432 384 610 456 PUBLII
640 382 896 454 TERENTII
923 380 1046 450 AFRI

211 527 267 593 St.
287 521 398 610 Quam
419 514 511 585 rem?
527 516 606 603 Quo
629 512 781 583 redeam?
800 515 867 583 AEs.
890 515 1008 582 Jamne
1026 534 1081 579 me
1100 510 1152 580 vis
1173 510 1281 580 dicere

368 623 402 692 id
419 621 508 717 quod
527 621 569 689 ad
587 636 619 689 te
641 618 785 688 attinet?

210 737 267 805 St.
286 731 411 826 Cupio,
432 730 516 821 aequi
532 726 633 796 modo
652 725 783 820 aliquid.
801 728 867 795 AEs.
881 725 978 811 Vah,
994 723 1070 793 leno
1091 724 1211 818 iniqua
1231 747 1280 793 me
1301 736 1304 743 '

368 860 437 903 non
455 833 528 903 vult
547 833 647 927 loqui.

208 949 266 1016 St.
281 946 375 1012 Leno
388 966 461 1010 sum
471 987 482 1027 7
494 939 789 1033 fateor,pernicies
801 937 986 1007 communis
1001 934 1279 1021 adolescentium,

209 1051 384 1144 Perjurus‚
399 1049 516 1143 pestis3
534 1061 646 1114 tamen
662 1046 722 1113 tibi
737 1070 757 1112 a
771 1069 825 1113 me
840 1042 932 1112 nulla
948 1042 989 1111 'st
1006 1057 1080 1140 orta
1097 1040 1232 1136 injuria.
1248 1084 1281 1124 190

212 1159 279 1228 AEs.
299 1155 387 1224 Nam
407 1151 520 1222 hercle
540 1153 639 1222 etiam
658 1151 724 1219 hoc
745 1165 856 1221 restat.
877 1153 935 1219 St.
953 1147 1038 1218 Illuc
1059 1173 1171 1243 quaeso
1195 1149 1281 1234 redi,

368 1285 434 1355 quo
454 1259 600 1351 coepisti,
617 1257 783 1326 AEschine.

211 1371 279 1438 AEs.
305 1368 406 1436 Minis
434 1366 551 1459 viginti
577 1378 614 1431 tu
637 1362 728 1431 illam
754 1364 880 1447 emisti3
906 1386 978 1457 quae
1007 1385 1060 1430 res
1086 1359 1148 1429 tibi
1172 1375 1283 1431 vortat

369 1468 472 1541 male!
1145 1530 1149 1538 .

212 1581 350 1675 Argenti
372 1592 502 1646 tantum
521 1575 663 1644 dabitur.
682 1576 738 1645 St.
753 1572 868 1664 Quid?
888 1575 923 1644 Si
940 1573 1078 1668 egotibi
1096 1571 1190 1643 illam
1207 1571 1284 1643 nolo

370 1683 533 1767 vendere,

212 1795 321 1885 Coges
342 1787 415 1858 me?
435 1790 502 1858 AEs.
523 1790 671 1857 Minime.
691 1789 747 1856 St.
767 1785 921 1881 Namque
941 1785 975 1853 id
997 1787 1110 1855 metui.
1130 1787 1201 1856 AES.
1222 1786 1283 1857 Ne
1309 1778 1314 1785 ’

369 1920 434 1990 que
452 1894 665 1963 vendundam
683 1917 816 1975 censen,

213 2005 297 2093 Quae
324 2001 428 2071 libere
459 1999 499 2070 'st
529 2027 536 2069 :
565 2025 643 2069 nam
670 2026 733 2094 ego
765 1996 892 2069 liberali
924 1995 1012 2067 illam
1046 2023 1158 2068 assero
1187 2000 1286 2069 can'sa

372 2132 483 2176 manu.
1250 2133 1287 2186 ¹9⁵

256 2300 323 2368 187.
341 2295 417 2366 Quod
437 2295 471 2348 ad
492 2308 514 2348 te
535 2300 629 2350 attinet.
645 2295 728 2362 Quod
772 2293 968 2360 rum‚tabulam
984 2296 1100 2350 Martiali
1115 2306 1215 2350 nostra
1225 2295 1287 2351 ndi·

216 2379 266 2431 tibi
277 2374 404 2450 prodesse
416 2373 496 2429 dehet
504 2388 530 2429 et
540 2395 596 2429 esse
610 2394 729 2429 commo·
773 2375 1026 2445 tionisoubjectnm.
1047 2408 1087 2418 -
1109 2376 1174 2444 Once
1190 2396 1228 2429 tes
1246 2377 1289 2429 ott

216 2456 291 2510 dum.
773 2466 857 2507 vortat
880 2456 958 2506 mah!
977 2454 1147 2527 Imprecandi
1173 2456 1290 2509 formula

259 2538 324 2590 188.
336 2535 418 2606 AEan'
434 2533 503 2586 mode
518 2534 620 2606 aliquid.
634 2534 676 2587 Sc.
689 2532 731 2586 di·
774 2554 826 2606 qua
836 2535 972 2587 invehitur
985 2533 1013 2586 in
1024 2533 1194 2606 impudicum
1215 2535 1290 2607 inge·

215 2635 318 2671 ces.—
332 2614 404 2679 Vat,
420 2612 631 2684 indignemin-
649 2615 731 2679 Leno,
773 2633 833 2666 nuoe
850 2613 959 2684 virginis
979 2627 1136 2686 emptorem.

217 2695 356 2768 religiosus
381 2694 490 2748 seilicet!
519 2706 546 2746 et
568 2695 622 2747 hoe
644 2712 732 2746 ornare
817 2695 883 2762 193.
899 2695 1007 2763 Argenti
1022 2706 1124 2746 tantum.
1139 2692 1290 2748 Lindenbr.

220 2774 324 2828 dietum
339 2792 388 2845 per
401 2773 524 2827 ironiam.
776 2774 835 2838 titt,
846 2773 937 2827 nescio
949 2771 1031 2827 unde.
1042 2775 1108 2826 Perl.
1118 2805 1159 2816 -
1169 2775 1229 2845 Ego
1248 2774 1293 2826 tttn'

262 2854 475 2921 18'9·Leoosum,
486 2854 538 2920 fat.
544 2856 670 2924 pernicies,
679 2865 730 2906 etc.
775 2854 850 2905 ittam.
870 2854 927 2906 Ien.
947 2851 1007 2905 cod.
1025 2872 1070 2923 ego
1092 2854 1175 2919 illam,
1191 2853 1293 2907 omistb

220 2933 283 2986 Non
297 2931 373 2984 aliter
386 2933 471 2984 Plaut.
484 2930 519 2984 de
533 2933 643 2998 lenone,
658 2933 732 2985 Asin.
777 2932 829 2986 tibi.
847 2965 887 2975 —
910 2934 1032 2998 Tantum,
1045 2931 1222 2986 tnnmmdem.
1250 2962 1292 2976 -·-
1320 2994 1325 3003 .

220 3013 249 3076 Ι,
266 3028 301 3075 11,
315 3008 399 3079 7;sed
407 3011 502 3064 Noster
509 3026 620 3064 versum¹
630 3012 734 3082 Diphili
778 3007 868 3081 Quid?
882 3012 1002 3065 mirantis
1021 3020 1057 3065 et'
1066 3010 1241 3084 indignantis.
1252 3041 1294 3056 -·

218 3089 380 3143 transtulisse
388 3087 494 3143 videtur
507 3089 592 3142 hunc:
603 3093 656 3142 Οὐκ
666 3091 732 3142 ἔστιν
776 3091 805 3144 St
817 3091 915 3161 egotibi
925 3092 992 3151 illam
1002 3092 1058 3143 nolo
1066 3093 1178 3144 vendere.
1188 3091 1295 3145 Nititur

222 3166 279 3224 otti
295 3169 390 3238 τιχνίον
412 3169 567 3239 ἐξωλέστερον
588 3173 631 3220 τοῦ
647 3188 734 3239 trepto-
774 3172 848 3241 jure,
861 3188 1001 3243 quonemo
1011 3172 1115 3242 cogitur
1124 3172 1294 3227 invituorem

221 3247 327 3313 ὔόσκου,
341 3250 403 3302 Non
419 3259 458 3300 est
475 3249 529 3300 'ulla
550 3267 591 3300 ars
608 3248 734 3319 pestilen·
776 3268 850 3303 suam
866 3248 989 3302 vendere.

222 3329 275 3381 tior
286 3345 366 3400 quam
379 3326 492 3380 lenonis.
512 3327 578 3379 Perl.
596 3356 636 3367 -
653 3328 733 3392 Orto,
820 3335 885 3398 194.
900 3330 1014 3394 Minime,
1029 3329 1145 3401 εἰρωνεία.
1157 3360 1197 3371 -
1211 3329 1296 3384 Nam-

221 3419 315 3479 eoepta.
777 3409 859 3480 quaid
866 3413 945 3461 metui.
956 3409 1038 3475 Quasi
1048 3428 1111 3463 vero
1124 3408 1152 3461 id
1162 3421 1295 3462 metuam.

264 3505 331 3556 191.
342 3486 407 3540 Nam
419 3485 495 3536 hercle
504 3488 575 3536 etiam
589 3486 633 3536 hoe
644 3497 731 3548 restat,
775 3487 891 3558 Εἶρωνείᾳ
906 3489 1006 3560 pariter
1018 3488 1156 3559 respondit
1171 3488 1296 3553 Sannio,

221 3566 279 3618 sub.
290 3577 339 3618 ate
348 3562 507 3618 faciendum.
519 3565 554 3616 Et
563 3576 600 3618 est
608 3566 733 3638 εἰρωνικῶς
777 3565 923 3638 etquidem
937 3567 1049 3620 ridicula
1059 3567 1087 3619 in
1096 3586 1143 3633 eo,
1153 3566 1230 3638 quod
1237 3571 1295 3640 jam

222 3643 334 3697 dietum.
348 3675 387 3687 -
401 3644 458 3713 Quo
470 3648 577 3715 coepisti,
589 3664 604 3698 a
616 3663 669 3716 quo
681 3663 734 3697 coe·
776 3648 864 3699 amisit
876 3644 906 3698 id
921 3646 955 3699 de
970 3666 1025 3718 quo
1042 3644 1109 3698 dixit
1122 3647 1224 3717 recogi
1237 3666 1295 3701 non

221 3723 292 3796 pisti.
302 3723 425 3776 Refertur
431 3722 465 3776 nd
475 3724 608 3794 superius,
619 3742 657 3778 vr.
672 3725 735 3791 187,
776 3744 861 3797 posse.
879 3726 948 3778 Deo.

222 3803 288 3874 quod
298 3802 334 3855 ad
350 3815 372 3853 te
388 3804 480 3857 attinet.
495 3804 529 3855 Et
544 3804 612 3857 bene
630 3821 732 3857 memor
820 3803 885 3874 195.
899 3807 984 3877 Neque
996 3805 1068 3856 vend.
1081 3825 1142 3858 cens.
1153 3806 1295 3876 quor-libera

220 3883 277 3938 hoec
288 3882 503 3936 maritaverat
515 3883 586 3935 leno.
691 3913 694 3917 <
775 3895 819 3936 est.
840 3884 967 3936 Liberum
987 3884 1125 3938 hominem
1142 3885 1186 3937 vel
1204 3885 1294 3938 civem

264 3981 329 4032 192.
350 3963 425 4014 Minis
445 3965 542 4032 viginti.
563 3962 630 4014 Fere
651 3961 731 4013 libres
774 3960 890 4016 vendere
903 3963 1004 4034 legibus
1014 3975 1040 4016 et
1049 3966 1251 4029 Romanorum,
1266 3977 1294 4017 et

221 4051 348 4124 tpeeentts
363 4041 564 4113 quinquaginta.
575 4039 646 4093 Vide
657 4053 732 4094 caete·
775 4041 929 4095 Graecorum
944 4045 1055 4096 maxime
1069 4043 1238 4113 prohihitum
1250 4062 1293 4096 es·
