<?xml version="1.0" encoding="UTF-8"?>
<!DOCTYPE html PUBLIC "-//W3C//DTD XHTML 1.0 Transitional//EN"
    "http://www.w3.org/TR/xhtml1/DTD/xhtml1-transitional.dtd">
<html xmlns="http://www.w3.org/1999/xhtml" xml:lang="en" lang="en">
 <head>
  <title>
</title>
<meta http-equiv="Content-Type" content="text/html;charset=utf-8" />
  <meta name='ocr-system' content='tesseract 3.04.00' />
  <meta name='ocr-capabilities' content='ocr_page ocr_carea ocr_par ocr_line ocrx_word'/>
</head>
<body>
  <div class='ocr_page' id='page_1' title='image "bibliothecaclas63lemagoog_0034.png"; bbox 0 0 2656 4830; ppageno 0'>
   <div class='ocr_carea' id='block_1_1' title="bbox 126 387 1195 613">
    <p class='ocr_par' dir='ltr' id='par_1_1' title="bbox 126 387 1195 613">
     <span class='ocr_line' id='line_1_1' title="bbox 362 387 1195 475; baseline 0.006 -22"><span class='ocrx_word' id='word_1_1' title='bbox 362 387 584 455; x_wconf 80' lang='lat' dir='ltr'><strong>ADELPH.</strong></span> <span class='ocrx_word' id='word_1_2' title='bbox 615 389 721 458; x_wconf 77' lang='lat' dir='ltr'><strong>Act.</strong></span> <span class='ocrx_word' id='word_1_3' title='bbox 751 391 787 475; x_wconf 86' lang='lat' dir='ltr'><strong>I,</strong></span> <span class='ocrx_word' id='word_1_4' title='bbox 814 389 884 457; x_wconf 88' lang='lat' dir='ltr'><strong>SC.</strong></span> <span class='ocrx_word' id='word_1_5' title='bbox 914 391 966 458; x_wconf 88' lang='lat'><strong>11.</strong></span> <span class='ocrx_word' id='word_1_6' title='bbox 1154 418 1195 463; x_wconf 82' lang='lat' dir='ltr'><strong>ai</strong></span> 
     </span>
     <span class='ocr_line' id='line_1_2' title="bbox 126 514 1121 613; baseline 0.009 -30"><span class='ocrx_word' id='word_1_7' title='bbox 126 520 257 584; x_wconf 81' lang='lat' dir='ltr'><strong>Tenere</strong></span> <span class='ocrx_word' id='word_1_8' title='bbox 279 541 313 584; x_wconf 92' lang='lat' dir='ltr'><strong>se</strong></span> <span class='ocrx_word' id='word_1_9' title='bbox 335 514 446 586; x_wconf 91' lang='lat' dir='ltr'><strong>ullam.</strong></span> <span class='ocrx_word' id='word_1_10' title='bbox 466 519 553 587; x_wconf 89' lang='lat' dir='ltr'><strong>Nam</strong></span> <span class='ocrx_word' id='word_1_11' title='bbox 577 517 644 605; x_wconf 87' lang='lat' dir='ltr'><strong>illa,</strong></span> <span class='ocrx_word' id='word_1_12' title='bbox 666 545 740 613; x_wconf 87' lang='lat' dir='ltr'><strong>quae</strong></span> <span class='ocrx_word' id='word_1_13' title='bbox 760 520 901 589; x_wconf 85' lang='lat' dir='ltr'><strong>antehae</strong></span> <span class='ocrx_word' id='word_1_14' title='bbox 921 522 1121 607; x_wconf 82' lang='lat' dir='ltr'><strong>factasunt,</strong></span> 
     </span>
    </p>
   </div>
   <div class='ocr_carea' id='block_1_2' title="bbox 128 622 1204 1461">
    <p class='ocr_par' dir='ltr' id='par_1_2' title="bbox 129 622 1138 824">
     <span class='ocr_line' id='line_1_3' title="bbox 129 622 1138 718; baseline 0.007 -27"><span class='ocrx_word' id='word_1_15' title='bbox 129 624 280 708; x_wconf 86' lang='lat' dir='ltr'><strong>Omitto;</strong></span> <span class='ocrx_word' id='word_1_16' title='bbox 296 622 398 691; x_wconf 91' lang='lat' dir='ltr'><strong>modo</strong></span> <span class='ocrx_word' id='word_1_17' title='bbox 416 623 496 717; x_wconf 91' lang='lat' dir='ltr'><strong>quid</strong></span> <span class='ocrx_word' id='word_1_18' title='bbox 515 623 801 718; x_wconf 67' lang='lat' dir='ltr'><strong>designavithr.</strong></span> <span class='ocrx_word' id='word_1_19' title='bbox 825 627 994 716; x_wconf 79' lang='lat' dir='ltr'><strong>Quidnam</strong></span> <span class='ocrx_word' id='word_1_20' title='bbox 1016 628 1048 696; x_wconf 91' lang='lat' dir='ltr'><strong>id</strong></span> <span class='ocrx_word' id='word_1_21' title='bbox 1067 627 1138 698; x_wconf 62' lang='lat' dir='ltr'><strong>est?</strong></span> 
     </span>
     <span class='ocr_line' id='line_1_4' title="bbox 129 728 873 824; baseline 0.009 -29"><span class='ocrx_word' id='word_1_22' title='bbox 129 731 196 796; x_wconf 75' lang='lat' dir='ltr'><strong>Du.</strong></span> <span class='ocrx_word' id='word_1_23' title='bbox 214 731 316 796; x_wconf 86' lang='lat' dir='ltr'><strong>Fores</strong></span> <span class='ocrx_word' id='word_1_24' title='bbox 336 728 484 823; x_wconf 82' lang='lat' dir='ltr'><strong>effregit,</strong></span> <span class='ocrx_word' id='word_1_25' title='bbox 504 744 603 824; x_wconf 87' lang='lat' dir='ltr'><strong>atque</strong></span> <span class='ocrx_word' id='word_1_26' title='bbox 621 733 654 798; x_wconf 91' lang='lat' dir='ltr'><strong>in</strong></span> <span class='ocrx_word' id='word_1_27' title='bbox 674 730 759 800; x_wconf 85' lang='lat' dir='ltr'><strong>aedes</strong></span> <span class='ocrx_word' id='word_1_28' title='bbox 777 733 873 802; x_wconf 88' lang='lat' dir='ltr'><strong>irruit</strong></span> 
     </span>
    </p>

    <p class='ocr_par' dir='ltr' id='par_1_3' title="bbox 128 833 1203 1038">
     <span class='ocr_line' id='line_1_5' title="bbox 128 833 1203 930; baseline 0.009 -29"><span class='ocrx_word' id='word_1_29' title='bbox 128 833 280 920; x_wconf 81' lang='lat' dir='ltr'><strong>Alienas3</strong></span> <span class='ocrx_word' id='word_1_30' title='bbox 303 836 411 928; x_wconf 92' lang='lat' dir='ltr'><strong>ipsum</strong></span> <span class='ocrx_word' id='word_1_31' title='bbox 432 834 604 905; x_wconf 92' lang='lat' dir='ltr'><strong>dominum</strong></span> <span class='ocrx_word' id='word_1_32' title='bbox 622 852 721 930; x_wconf 87' lang='lat' dir='ltr'><strong>atque</strong></span> <span class='ocrx_word' id='word_1_33' title='bbox 744 863 877 907; x_wconf 91' lang='lat' dir='ltr'><strong>omnem</strong></span> <span class='ocrx_word' id='word_1_34' title='bbox 901 838 1058 909; x_wconf 87' lang='lat' dir='ltr'><strong>familiam</strong></span> <span class='ocrx_word' id='word_1_35' title='bbox 1177 879 1203 917; x_wconf 68' lang='lat'><strong>90</strong></span> 
     </span>
     <span class='ocr_line' id='line_1_6' title="bbox 130 938 1005 1038; baseline 0.008 -31"><span class='ocrx_word' id='word_1_36' title='bbox 130 938 294 1009; x_wconf 86' lang='lat' dir='ltr'>Mulcavit</span> <span class='ocrx_word' id='word_1_37' title='bbox 313 941 476 1034; x_wconf 89' lang='lat' dir='ltr'><strong>usquead</strong></span> <span class='ocrx_word' id='word_1_38' title='bbox 495 956 658 1029; x_wconf 87' lang='lat' dir='ltr'><strong>mortem;</strong></span> <span class='ocrx_word' id='word_1_39' title='bbox 678 945 799 1038; x_wconf 85' lang='lat' dir='ltr'><strong>eripuit</strong></span> <span class='ocrx_word' id='word_1_40' title='bbox 816 944 1005 1029; x_wconf 82' lang='lat' dir='ltr'><strong>mulierem,</strong></span> 
     </span>
    </p>

    <p class='ocr_par' dir='ltr' id='par_1_4' title="bbox 131 1046 972 1144">
     <span class='ocr_line' id='line_1_7' title="bbox 131 1046 972 1144; baseline 0.007 -31"><span class='ocrx_word' id='word_1_41' title='bbox 131 1048 245 1135; x_wconf 87' lang='lat' dir='ltr'><strong>Quam</strong></span> <span class='ocrx_word' id='word_1_42' title='bbox 266 1046 408 1115; x_wconf 88' lang='lat' dir='ltr'><strong>amabat.</strong></span> <span class='ocrx_word' id='word_1_43' title='bbox 427 1046 582 1116; x_wconf 84' lang='lat' dir='ltr'><strong>Clamant</strong></span> <span class='ocrx_word' id='word_1_44' title='bbox 600 1074 732 1136; x_wconf 87' lang='lat' dir='ltr'><strong>omnes,</strong></span> <span class='ocrx_word' id='word_1_45' title='bbox 747 1049 972 1144; x_wconf 86' lang='lat' dir='ltr'><strong>indignissime</strong></span> 
     </span>
    </p>

    <p class='ocr_par' dir='ltr' id='par_1_5' title="bbox 129 1154 1039 1249">
     <span class='ocr_line' id='line_1_8' title="bbox 129 1154 1039 1249; baseline 0.009 -30"><span class='ocrx_word' id='word_1_46' title='bbox 129 1155 269 1220; x_wconf 89' lang='lat' dir='ltr'><strong>Factum</strong></span> <span class='ocrx_word' id='word_1_47' title='bbox 292 1177 372 1220; x_wconf 92' lang='lat' dir='ltr'><strong>esse.</strong></span> <span class='ocrx_word' id='word_1_48' title='bbox 394 1156 468 1222; x_wconf 90' lang='lat' dir='ltr'><strong>Hoc</strong></span> <span class='ocrx_word' id='word_1_49' title='bbox 490 1154 678 1223; x_wconf 89' lang='lat' dir='ltr'><strong>advenienti</strong></span> <span class='ocrx_word' id='word_1_50' title='bbox 699 1170 781 1249; x_wconf 92' lang='lat' dir='ltr'><strong>quot</strong></span> <span class='ocrx_word' id='word_1_51' title='bbox 798 1157 899 1240; x_wconf 87' lang='lat' dir='ltr'><strong>mihi,</strong></span> <span class='ocrx_word' id='word_1_52' title='bbox 915 1158 1039 1247; x_wconf 74' lang='lat' dir='ltr'><strong>Micio,</strong></span> 
     </span>
    </p>

    <p class='ocr_par' dir='ltr' id='par_1_6' title="bbox 131 1253 910 1356">
     <span class='ocr_line' id='line_1_9' title="bbox 131 1253 910 1356; baseline 0.008 -32"><span class='ocrx_word' id='word_1_53' title='bbox 131 1253 268 1326; x_wconf 82' lang='lat' dir='ltr'><strong>Dixere!</strong></span> <span class='ocrx_word' id='word_1_54' title='bbox 291 1261 332 1326; x_wconf 92' lang='lat' dir='ltr'><strong>In</strong></span> <span class='ocrx_word' id='word_1_55' title='bbox 352 1283 410 1326; x_wconf 91' lang='lat' dir='ltr'><strong>ore</strong></span> <span class='ocrx_word' id='word_1_56' title='bbox 431 1262 471 1328; x_wconf 90' lang='lat' dir='ltr'><strong>&#39;st</strong></span> <span class='ocrx_word' id='word_1_57' title='bbox 490 1262 582 1329; x_wconf 90' lang='lat' dir='ltr'><strong>omni</strong></span> <span class='ocrx_word' id='word_1_58' title='bbox 599 1261 734 1355; x_wconf 88' lang='lat' dir='ltr'><strong>populo.</strong></span> <span class='ocrx_word' id='word_1_59' title='bbox 755 1264 910 1356; x_wconf 89' lang='lat' dir='ltr'><strong>Denique</strong></span> 
     </span>
    </p>

    <p class='ocr_par' dir='ltr' id='par_1_7' title="bbox 131 1363 1204 1461">
     <span class='ocr_line' id='line_1_10' title="bbox 131 1363 1204 1461; baseline 0.004 -29"><span class='ocrx_word' id='word_1_60' title='bbox 131 1366 164 1432; x_wconf 82' lang='lat' dir='ltr'><strong>si</strong></span> <span class='ocrx_word' id='word_1_61' title='bbox 184 1363 426 1433; x_wconf 87' lang='lat' dir='ltr'><strong>conferendum</strong></span> <span class='ocrx_word' id='word_1_62' title='bbox 448 1366 636 1461; x_wconf 83' lang='lat' dir='ltr'><strong>exemplum</strong></span> <span class='ocrx_word' id='word_1_63' title='bbox 656 1381 723 1453; x_wconf 85' lang='lat' dir='ltr'><strong>est,</strong></span> <span class='ocrx_word' id='word_1_64' title='bbox 745 1393 813 1436; x_wconf 93' lang='lat' dir='ltr'><strong>non</strong></span> <span class='ocrx_word' id='word_1_65' title='bbox 836 1368 971 1437; x_wconf 87' lang='lat' dir='ltr'><strong>fratrem</strong></span> <span class='ocrx_word' id='word_1_66' title='bbox 994 1370 1084 1438; x_wconf 86' lang='lat' dir='ltr'><strong>videt</strong></span> <span class='ocrx_word' id='word_1_67' title='bbox 1177 1399 1204 1446; x_wconf 69' lang='lat'><strong>9⁵</strong></span> 
     </span>
    </p>
   </div>
   <div class='ocr_carea' id='block_1_3' title="bbox 126 1575 1265 4115">
    <p class='ocr_par' dir='ltr' id='par_1_8' title="bbox 126 1575 1265 4115">
     <span class='ocr_line' id='line_1_11' title="bbox 171 1575 1201 1648; baseline 0.006 -21"><span class='ocrx_word' id='word_1_68' title='bbox 171 1575 643 1645; x_wconf 74' lang='lat' dir='ltr'><strong>87.Neclegemputattenereseollam.</strong></span> <span class='ocrx_word' id='word_1_69' title='bbox 688 1597 739 1648; x_wconf 82' lang='lat' dir='ltr'><strong>gna</strong></span> <span class='ocrx_word' id='word_1_70' title='bbox 760 1576 859 1631; x_wconf 80' lang='lat' dir='ltr'><strong>invidia</strong></span> <span class='ocrx_word' id='word_1_71' title='bbox 878 1580 956 1632; x_wconf 74' lang='lat' dir='ltr'><strong>credis</strong></span> <span class='ocrx_word' id='word_1_72' title='bbox 972 1592 999 1632; x_wconf 91' lang='lat' dir='ltr'><strong>et</strong></span> <span class='ocrx_word' id='word_1_73' title='bbox 1015 1581 1107 1633; x_wconf 89' lang='lat' dir='ltr'><strong>mortis</strong></span> <span class='ocrx_word' id='word_1_74' title='bbox 1126 1600 1201 1634; x_wconf 87' lang='lat' dir='ltr'><strong>men·</strong></span> 
     </span>
     <span class='ocr_line' id='line_1_12' title="bbox 129 1653 1216 1728; baseline 0.005 -22"><span class='ocrx_word' id='word_1_75' title='bbox 129 1653 643 1719; x_wconf 79' lang='lat' dir='ltr'><strong>SimiliterHor-at.deAcbille,A.Poet.</strong></span> <span class='ocrx_word' id='word_1_76' title='bbox 689 1658 772 1718; x_wconf 89' lang='lat' dir='ltr'><strong>tione,</strong></span> <span class='ocrx_word' id='word_1_77' title='bbox 780 1677 839 1728; x_wconf 81' lang='lat' dir='ltr'><strong>quae</strong></span> <span class='ocrx_word' id='word_1_78' title='bbox 848 1673 935 1711; x_wconf 86' lang='lat' dir='ltr'><strong>tamen</strong></span> <span class='ocrx_word' id='word_1_79' title='bbox 944 1659 1124 1712; x_wconf 90' lang='lat' dir='ltr'><strong>nulliaccidit.</strong></span> <span class='ocrx_word' id='word_1_80' title='bbox 1133 1661 1216 1715; x_wconf 57' lang='lat' dir='ltr'><strong>Dor.»</strong></span> 
     </span>
     <span class='ocr_line' id='line_1_13' title="bbox 129 1734 1201 1810; baseline 0.007 -26"><span class='ocrx_word' id='word_1_81' title='bbox 129 1734 216 1786; x_wconf 73' lang='lat' dir='ltr'><strong>«Jura</strong></span> <span class='ocrx_word' id='word_1_82' title='bbox 233 1747 312 1804; x_wconf 83' lang='lat' dir='ltr'><strong>neget</strong></span> <span class='ocrx_word' id='word_1_83' title='bbox 327 1734 378 1786; x_wconf 89' lang='lat' dir='ltr'><strong>sihi</strong></span> <span class='ocrx_word' id='word_1_84' title='bbox 396 1747 466 1787; x_wconf 88' lang='lat' dir='ltr'><strong>nata.</strong></span> <span class='ocrx_word' id='word_1_85' title='bbox 481 1761 492 1781; x_wconf 73' lang='grc' dir='ltr'>ι</span> <span class='ocrx_word' id='word_1_86' title='bbox 520 1767 561 1776; x_wconf 92' lang='grc'>-</span> <span class='ocrx_word' id='word_1_87' title='bbox 582 1737 645 1805; x_wconf 82' lang='lat' dir='ltr'><strong>Ouoe</strong></span> <span class='ocrx_word' id='word_1_88' title='bbox 688 1767 729 1776; x_wconf 83' lang='lat'><strong>-—</strong></span> <span class='ocrx_word' id='word_1_89' title='bbox 749 1739 850 1807; x_wconf 67' lang='lat' dir='ltr'><strong>Erpm&#39;t</strong></span> <span class='ocrx_word' id='word_1_90' title='bbox 869 1739 987 1789; x_wconf 68' lang='lat' dir='ltr'><strong>mulierem</strong></span> <span class='ocrx_word' id='word_1_91' title='bbox 1004 1759 1074 1810; x_wconf 82' lang='lat' dir='ltr'><strong>qoam</strong></span> <span class='ocrx_word' id='word_1_92' title='bbox 1094 1741 1201 1794; x_wconf 81' lang='lat' dir='ltr'><strong>amabat.</strong></span> 
     </span>
     <span class='ocr_line' id='line_1_14' title="bbox 127 1814 1265 1888; baseline 0.007 -24"><span class='ocrx_word' id='word_1_93' title='bbox 127 1814 234 1864; x_wconf 80' lang='lat' dir='ltr'><strong>antebac</strong></span> <span class='ocrx_word' id='word_1_94' title='bbox 240 1814 314 1879; x_wconf 81' lang='lat' dir='ltr'><strong>foeta</strong></span> <span class='ocrx_word' id='word_1_95' title='bbox 327 1834 384 1865; x_wconf 82' lang='lat' dir='ltr'><strong>sum</strong></span> <span class='ocrx_word' id='word_1_96' title='bbox 401 1815 495 1867; x_wconf 78' lang='lat' dir='ltr'><strong>Omitto</strong></span> <span class='ocrx_word' id='word_1_97' title='bbox 502 1834 513 1876; x_wconf 92' lang='lat'><strong>,·</strong></span> <span class='ocrx_word' id='word_1_98' title='bbox 527 1816 545 1868; x_wconf 88' lang='lat' dir='ltr'><strong>i.</strong></span> <span class='ocrx_word' id='word_1_99' title='bbox 557 1834 580 1868; x_wconf 87' lang='lat' dir='ltr'><strong>e.</strong></span> <span class='ocrx_word' id='word_1_100' title='bbox 595 1816 645 1868; x_wconf 85' lang='lat' dir='ltr'><strong>alia</strong></span> <span class='ocrx_word' id='word_1_101' title='bbox 688 1815 785 1868; x_wconf 83' lang='lat' dir='ltr'><strong>Omnia</strong></span> <span class='ocrx_word' id='word_1_102' title='bbox 794 1835 891 1888; x_wconf 83' lang='lat' dir='ltr'><strong>magno</strong></span> <span class='ocrx_word' id='word_1_103' title='bbox 901 1818 991 1869; x_wconf 86' lang='lat' dir='ltr'><strong>colore</strong></span> <span class='ocrx_word' id='word_1_104' title='bbox 1003 1830 1029 1869; x_wconf 91' lang='lat' dir='ltr'><strong>et</strong></span> <span class='ocrx_word' id='word_1_105' title='bbox 1040 1820 1200 1872; x_wconf 81' lang='lat' dir='ltr'><strong>accusatorie</strong></span> <span class='ocrx_word' id='word_1_106' title='bbox 1263 1870 1265 1872; x_wconf 78' lang='grc'>,</span> 
     </span>
     <span class='ocr_line' id='line_1_15' title="bbox 127 1892 1200 1968; baseline 0.007 -24"><span class='ocrx_word' id='word_1_107' title='bbox 127 1894 185 1962; x_wconf 84' lang='lat' dir='ltr'><strong>ejus</strong></span> <span class='ocrx_word' id='word_1_108' title='bbox 196 1892 304 1962; x_wconf 79' lang='lat' dir='ltr'><strong>flagitia.</strong></span> <span class='ocrx_word' id='word_1_109' title='bbox 687 1893 838 1960; x_wconf 77' lang='lat' dir='ltr'><strong>dictasunt,</strong></span> <span class='ocrx_word' id='word_1_110' title='bbox 849 1908 874 1948; x_wconf 91' lang='lat' dir='ltr'><strong>et</strong></span> <span class='ocrx_word' id='word_1_111' title='bbox 884 1916 916 1948; x_wconf 87' lang='lat' dir='ltr'><strong>ex</strong></span> <span class='ocrx_word' id='word_1_112' title='bbox 929 1897 982 1949; x_wconf 85' lang='lat' dir='ltr'><strong>hoe</strong></span> <span class='ocrx_word' id='word_1_113' title='bbox 993 1897 1116 1961; x_wconf 86' lang='lat' dir='ltr'><strong>maxime,</strong></span> <span class='ocrx_word' id='word_1_114' title='bbox 1126 1898 1200 1968; x_wconf 93' lang='lat' dir='ltr'><strong>quod</strong></span> 
     </span>
     <span class='ocr_line' id='line_1_16' title="bbox 170 1972 1195 2040; baseline 0.005 -15"><span class='ocrx_word' id='word_1_115' title='bbox 170 1974 220 2025; x_wconf 73' lang='lat'><strong>88·</strong></span> <span class='ocrx_word' id='word_1_116' title='bbox 234 1972 336 2025; x_wconf 84' lang='lat' dir='ltr'><strong>Omitto.</strong></span> <span class='ocrx_word' id='word_1_117' title='bbox 350 1973 440 2025; x_wconf 80' lang='lat' dir='ltr'><strong>Guelf·</strong></span> <span class='ocrx_word' id='word_1_118' title='bbox 453 1973 595 2036; x_wconf 80' lang='lat' dir='ltr'><strong>3,dim1’tto.</strong></span> <span class='ocrx_word' id='word_1_119' title='bbox 604 2006 644 2025; x_wconf 60' lang='lat'><strong>2-</strong></span> <span class='ocrx_word' id='word_1_120' title='bbox 687 1973 811 2028; x_wconf 86' lang='lat' dir='ltr'><strong>lenonem</strong></span> <span class='ocrx_word' id='word_1_121' title='bbox 823 1987 850 2026; x_wconf 90' lang='lat' dir='ltr'><strong>et</strong></span> <span class='ocrx_word' id='word_1_122' title='bbox 865 1976 1028 2029; x_wconf 84' lang='lat' dir='ltr'><strong>meretricem</strong></span> <span class='ocrx_word' id='word_1_123' title='bbox 1042 1995 1098 2028; x_wconf 91' lang='lat' dir='ltr'><strong>non</strong></span> <span class='ocrx_word' id='word_1_124' title='bbox 1112 1976 1195 2040; x_wconf 84' lang='lat' dir='ltr'><strong>dixit,</strong></span> 
     </span>
     <span class='ocr_line' id='line_1_17' title="bbox 128 2052 1202 2124; baseline 0.006 -23"><span class='ocrx_word' id='word_1_125' title='bbox 128 2052 284 2120; x_wconf 79' lang='lat' dir='ltr'><strong>Desigmaoit.</strong></span> <span class='ocrx_word' id='word_1_126' title='bbox 316 2053 397 2123; x_wconf 80' lang='lat' dir='ltr'><strong>Eugr.</strong></span> <span class='ocrx_word' id='word_1_127' title='bbox 421 2053 572 2121; x_wconf 76' lang='lat' dir='ltr'><strong>dissignaoit.</strong></span> <span class='ocrx_word' id='word_1_128' title='bbox 687 2067 826 2106; x_wconf 84' lang='lat' dir='ltr'><strong>contentus</strong></span> <span class='ocrx_word' id='word_1_129' title='bbox 838 2054 899 2105; x_wconf 83' lang='lat' dir='ltr'><strong>facti</strong></span> <span class='ocrx_word' id='word_1_130' title='bbox 913 2055 1064 2117; x_wconf 83' lang='lat' dir='ltr'><strong>atrocitate,</strong></span> <span class='ocrx_word' id='word_1_131' title='bbox 1076 2073 1202 2124; x_wconf 89' lang='lat' dir='ltr'><strong>persona·</strong></span> 
     </span>
     <span class='ocr_line' id='line_1_18' title="bbox 127 2127 1199 2204; baseline 0.003 -21"><span class='ocrx_word' id='word_1_132' title='bbox 127 2131 208 2183; x_wconf 83' lang='lat' dir='ltr'><strong>Modo</strong></span> <span class='ocrx_word' id='word_1_133' title='bbox 221 2132 280 2203; x_wconf 83' lang='lat' dir='ltr'><strong>quid</strong></span> <span class='ocrx_word' id='word_1_134' title='bbox 293 2127 446 2201; x_wconf 69' lang='lat' dir='ltr'><strong>designavit?</strong></span> <span class='ocrx_word' id='word_1_135' title='bbox 461 2131 571 2202; x_wconf 80' lang='lat' dir='ltr'><strong>Nuper,</strong></span> <span class='ocrx_word' id='word_1_136' title='bbox 586 2152 644 2202; x_wconf 82' lang='lat' dir='ltr'><strong>quae</strong></span> <span class='ocrx_word' id='word_1_137' title='bbox 687 2151 801 2204; x_wconf 83' lang='lat' dir='ltr'><strong>rumque</strong></span> <span class='ocrx_word' id='word_1_138' title='bbox 816 2134 943 2186; x_wconf 87' lang='lat' dir='ltr'><strong>vilitatem</strong></span> <span class='ocrx_word' id='word_1_139' title='bbox 961 2134 1082 2187; x_wconf 85' lang='lat' dir='ltr'><strong>reticens.</strong></span> <span class='ocrx_word' id='word_1_140' title='bbox 1098 2135 1132 2187; x_wconf 88' lang='lat' dir='ltr'><strong>Et</strong></span> <span class='ocrx_word' id='word_1_141' title='bbox 1152 2139 1199 2186; x_wconf 83' lang='lat' dir='ltr'><strong>eri·</strong></span> 
     </span>
     <span class='ocr_line' id='line_1_19' title="bbox 126 2209 1201 2280; baseline 0.005 -18"><span class='ocrx_word' id='word_1_142' title='bbox 126 2209 245 2263; x_wconf 85' lang='lat' dir='ltr'><strong>nefanda</strong></span> <span class='ocrx_word' id='word_1_143' title='bbox 265 2211 293 2262; x_wconf 92' lang='lat' dir='ltr'><strong>in</strong></span> <span class='ocrx_word' id='word_1_144' title='bbox 309 2229 355 2263; x_wconf 87' lang='lat' dir='ltr'><strong>ore</strong></span> <span class='ocrx_word' id='word_1_145' title='bbox 372 2212 494 2264; x_wconf 90' lang='lat' dir='ltr'><strong>omnium</strong></span> <span class='ocrx_word' id='word_1_146' title='bbox 513 2225 540 2264; x_wconf 87' lang='lat' dir='ltr'><strong>et</strong></span> <span class='ocrx_word' id='word_1_147' title='bbox 561 2213 643 2264; x_wconf 89' lang='lat' dir='ltr'><strong>oculis</strong></span> <span class='ocrx_word' id='word_1_148' title='bbox 684 2216 748 2280; x_wconf 73' lang='lat' dir='ltr'><strong>pult,</strong></span> <span class='ocrx_word' id='word_1_149' title='bbox 770 2211 1201 2273; x_wconf 78' lang='lat' dir='ltr'><strong>nonabduxit.1dem.—Haecest</strong></span> 
     </span>
     <span class='ocr_line' id='line_1_20' title="bbox 126 2282 1200 2364; baseline 0.004 -21"><span class='ocrx_word' id='word_1_150' title='bbox 126 2282 643 2362; x_wconf 74' lang='lat' dir='ltr'><strong>patravit‚quasisublatosigoot’Eodem</strong></span> <span class='ocrx_word' id='word_1_151' title='bbox 687 2294 788 2362; x_wconf 87' lang='lat' dir='ltr'><strong>ereptio</strong></span> <span class='ocrx_word' id='word_1_152' title='bbox 815 2292 961 2345; x_wconf 85' lang='lat' dir='ltr'><strong>meretricis</strong></span> <span class='ocrx_word' id='word_1_153' title='bbox 988 2312 1067 2364; x_wconf 89' lang='lat' dir='ltr'><strong>quam</strong></span> <span class='ocrx_word' id='word_1_154' title='bbox 1100 2293 1200 2347; x_wconf 87' lang='lat' dir='ltr'><strong>indicat</strong></span> 
     </span>
     <span class='ocr_line' id='line_1_21' title="bbox 126 2369 1104 2442; baseline 0.004 -20"><span class='ocrx_word' id='word_1_155' title='bbox 126 2389 209 2422; x_wconf 87' lang='lat' dir='ltr'><strong>sensu</strong></span> <span class='ocrx_word' id='word_1_156' title='bbox 229 2369 320 2422; x_wconf 84' lang='lat' dir='ltr'><strong>Horat.</strong></span> <span class='ocrx_word' id='word_1_157' title='bbox 342 2369 438 2435; x_wconf 75' lang='lat' dir='ltr'><strong>«Quid</strong></span> <span class='ocrx_word' id='word_1_158' title='bbox 457 2390 512 2422; x_wconf 90' lang='lat' dir='ltr'><strong>non</strong></span> <span class='ocrx_word' id='word_1_159' title='bbox 531 2371 644 2423; x_wconf 84' lang='lat' dir='ltr'><strong>ebrietas</strong></span> <span class='ocrx_word' id='word_1_160' title='bbox 687 2369 784 2424; x_wconf 80' lang='lat' dir='ltr'><strong>Noster</strong></span> <span class='ocrx_word' id='word_1_161' title='bbox 798 2373 826 2423; x_wconf 89' lang='lat' dir='ltr'><strong>in</strong></span> <span class='ocrx_word' id='word_1_162' title='bbox 839 2372 962 2442; x_wconf 85' lang='lat' dir='ltr'><strong>prologo,</strong></span> <span class='ocrx_word' id='word_1_163' title='bbox 974 2373 1020 2424; x_wconf 90' lang='lat' dir='ltr'><strong>ubi</strong></span> <span class='ocrx_word' id='word_1_164' title='bbox 1035 2372 1104 2426; x_wconf 84' lang='lat' dir='ltr'><strong>vide.</strong></span> 
     </span>
     <span class='ocr_line' id='line_1_22' title="bbox 126 2443 1198 2519; baseline 0.004 -19"><span class='ocrx_word' id='word_1_165' title='bbox 126 2443 285 2518; x_wconf 66' lang='lat' dir='ltr'><strong>designas?-</strong></span> <span class='ocrx_word' id='word_1_166' title='bbox 728 2451 884 2519; x_wconf 80' lang='lat' dir='ltr'><strong>93.Factum</strong></span> <span class='ocrx_word' id='word_1_167' title='bbox 896 2472 955 2504; x_wconf 64' lang='lat' dir='ltr'><strong>esset.</strong></span> <span class='ocrx_word' id='word_1_168' title='bbox 968 2453 1024 2503; x_wconf 86' lang='lat' dir='ltr'><strong>Hoc</strong></span> <span class='ocrx_word' id='word_1_169' title='bbox 1037 2453 1092 2504; x_wconf 80' lang='lat' dir='ltr'><strong>adv.</strong></span> <span class='ocrx_word' id='word_1_170' title='bbox 1106 2455 1137 2504; x_wconf 91' lang='lat' dir='ltr'><strong>In</strong></span> <span class='ocrx_word' id='word_1_171' title='bbox 1147 2454 1198 2506; x_wconf 87' lang='lat' dir='ltr'><strong>Ms.</strong></span> 
     </span>
     <span class='ocr_line' id='line_1_23' title="bbox 171 2527 1198 2602; baseline 0.002 -20"><span class='ocrx_word' id='word_1_172' title='bbox 171 2531 220 2596; x_wconf 90' lang='lat'><strong>89.</strong></span> <span class='ocrx_word' id='word_1_173' title='bbox 235 2527 311 2580; x_wconf 81' lang='lat' dir='ltr'><strong>Fores</strong></span> <span class='ocrx_word' id='word_1_174' title='bbox 323 2531 435 2598; x_wconf 78' lang='lat' dir='ltr'><strong>effregit,</strong></span> <span class='ocrx_word' id='word_1_175' title='bbox 451 2542 523 2600; x_wconf 80' lang='lat' dir='ltr'><strong>atque</strong></span> <span class='ocrx_word' id='word_1_176' title='bbox 538 2533 563 2580; x_wconf 85' lang='lat' dir='ltr'><strong>in</strong></span> <span class='ocrx_word' id='word_1_177' title='bbox 580 2531 643 2581; x_wconf 75' lang='lat' dir='ltr'><strong>tedas</strong></span> <span class='ocrx_word' id='word_1_178' title='bbox 686 2530 759 2601; x_wconf 88' lang='lat' dir='ltr'><strong>Lips.</strong></span> <span class='ocrx_word' id='word_1_179' title='bbox 773 2543 799 2583; x_wconf 86' lang='lat' dir='ltr'><strong>et</strong></span> <span class='ocrx_word' id='word_1_180' title='bbox 814 2529 865 2582; x_wconf 80' lang='lat' dir='ltr'><strong>Ed.</strong></span> <span class='ocrx_word' id='word_1_181' title='bbox 878 2532 959 2600; x_wconf 88' lang='lat' dir='ltr'><strong>prim.</strong></span> <span class='ocrx_word' id='word_1_182' title='bbox 968 2532 1081 2601; x_wconf 80' lang='lat' dir='ltr'><strong>junctim</strong></span> <span class='ocrx_word' id='word_1_183' title='bbox 1094 2532 1198 2602; x_wconf 82' lang='lat' dir='ltr'><strong>legitur,</strong></span> 
     </span>
     <span class='ocr_line' id='line_1_24' title="bbox 128 2608 1198 2681; baseline 0.003 -22"><span class='ocrx_word' id='word_1_184' title='bbox 128 2611 204 2661; x_wconf 83' lang='lat' dir='ltr'><strong>irruit</strong></span> <span class='ocrx_word' id='word_1_185' title='bbox 214 2608 326 2661; x_wconf 80' lang='lat' dir='ltr'><strong>Alienos.</strong></span> <span class='ocrx_word' id='word_1_186' title='bbox 337 2616 399 2662; x_wconf 79' lang='lat' dir='ltr'><strong>Haec</strong></span> <span class='ocrx_word' id='word_1_187' title='bbox 413 2609 513 2677; x_wconf 85' lang='lat' dir='ltr'><strong>singule</strong></span> <span class='ocrx_word' id='word_1_188' title='bbox 526 2608 644 2662; x_wconf 89' lang='lat' dir='ltr'><strong>conside·</strong></span> <span class='ocrx_word' id='word_1_189' title='bbox 680 2610 777 2675; x_wconf 80' lang='lat' dir='ltr'><strong>sactum</strong></span> <span class='ocrx_word' id='word_1_190' title='bbox 797 2631 845 2661; x_wconf 83' lang='lat' dir='ltr'><strong>esse</strong></span> <span class='ocrx_word' id='word_1_191' title='bbox 868 2611 919 2660; x_wconf 83' lang='lat' dir='ltr'><strong>boc·</strong></span> <span class='ocrx_word' id='word_1_192' title='bbox 937 2610 1026 2662; x_wconf 84' lang='lat' dir='ltr'><strong>Guelf.</strong></span> <span class='ocrx_word' id='word_1_193' title='bbox 1044 2631 1075 2674; x_wconf 68' lang='grc' dir='ltr'><strong>π,</strong></span> <span class='ocrx_word' id='word_1_194' title='bbox 1092 2629 1198 2681; x_wconf 92' lang='lat' dir='ltr'><strong>quoque</strong></span> 
     </span>
     <span class='ocr_line' id='line_1_25' title="bbox 126 2685 1200 2760; baseline 0.001 -21"><span class='ocrx_word' id='word_1_195' title='bbox 126 2685 216 2740; x_wconf 85' lang='lat' dir='ltr'><strong>randa</strong></span> <span class='ocrx_word' id='word_1_196' title='bbox 229 2700 298 2739; x_wconf 89' lang='lat' dir='ltr'><strong>sunt.</strong></span> <span class='ocrx_word' id='word_1_197' title='bbox 313 2690 348 2740; x_wconf 92' lang='lat' dir='ltr'><strong>Et</strong></span> <span class='ocrx_word' id='word_1_198' title='bbox 362 2689 430 2741; x_wconf 91' lang='lat' dir='ltr'><strong>bene</strong></span> <span class='ocrx_word' id='word_1_199' title='bbox 448 2687 514 2741; x_wconf 87' lang='lat' dir='ltr'><strong>dicit</strong></span> <span class='ocrx_word' id='word_1_200' title='bbox 532 2690 641 2752; x_wconf 66' lang='lat' dir='ltr'><strong>alienos,</strong></span> <span class='ocrx_word' id='word_1_201' title='bbox 681 2690 780 2759; x_wconf 78' lang='lat' dir='ltr'><strong>&#39;pungit</strong></span> <span class='ocrx_word' id='word_1_202' title='bbox 797 2703 856 2760; x_wconf 84' lang='lat' dir='ltr'><strong>post</strong></span> <span class='ocrx_word' id='word_1_203' title='bbox 872 2689 928 2751; x_wconf 80' lang='lat' dir='ltr'><strong>boc,</strong></span> <span class='ocrx_word' id='word_1_204' title='bbox 944 2707 999 2740; x_wconf 89' lang='lat' dir='ltr'><strong>non</strong></span> <span class='ocrx_word' id='word_1_205' title='bbox 1015 2702 1145 2759; x_wconf 82' lang='lat' dir='ltr'><strong>postesse.</strong></span> <span class='ocrx_word' id='word_1_206' title='bbox 1164 2691 1200 2740; x_wconf 91' lang='lat' dir='ltr'><strong>Et</strong></span> 
     </span>
     <span class='ocr_line' id='line_1_26' title="bbox 127 2765 1199 2839; baseline -0.002 -21"><span class='ocrx_word' id='word_1_207' title='bbox 127 2767 195 2838; x_wconf 86' lang='lat' dir='ltr'><strong>quia</strong></span> <span class='ocrx_word' id='word_1_208' title='bbox 215 2767 237 2819; x_wconf 89' lang='lat' dir='ltr'><strong>si</strong></span> <span class='ocrx_word' id='word_1_209' title='bbox 258 2768 348 2819; x_wconf 71' lang='lat' dir='ltr'><strong>knottis</strong></span> <span class='ocrx_word' id='word_1_210' title='bbox 366 2766 483 2831; x_wconf 82' lang='lat' dir='ltr'><strong>diceret,</strong></span> <span class='ocrx_word' id='word_1_211' title='bbox 504 2786 583 2839; x_wconf 88' lang='lat' dir='ltr'><strong>parva</strong></span> <span class='ocrx_word' id='word_1_212' title='bbox 602 2788 643 2820; x_wconf 87' lang='lat' dir='ltr'><strong>res</strong></span> <span class='ocrx_word' id='word_1_213' title='bbox 687 2769 723 2819; x_wconf 89' lang='lat' dir='ltr'><strong>sic</strong></span> <span class='ocrx_word' id='word_1_214' title='bbox 739 2770 783 2820; x_wconf 92' lang='lat' dir='ltr'><strong>Br.</strong></span> <span class='ocrx_word' id='word_1_215' title='bbox 800 2769 846 2838; x_wconf 88' lang='lat' dir='ltr'><strong>qul</strong></span> <span class='ocrx_word' id='word_1_216' title='bbox 869 2765 915 2819; x_wconf 86' lang='lat' dir='ltr'><strong>dat</strong></span> <span class='ocrx_word' id='word_1_217' title='bbox 935 2767 1000 2838; x_wconf 83' lang='lat' dir='ltr'><strong>quod</strong></span> <span class='ocrx_word' id='word_1_218' title='bbox 1016 2786 1065 2837; x_wconf 93' lang='lat' dir='ltr'><strong>pro</strong></span> <span class='ocrx_word' id='word_1_219' title='bbox 1080 2781 1145 2838; x_wconf 87' lang='lat' dir='ltr'><strong>quot.</strong></span> <span class='ocrx_word' id='word_1_220' title='bbox 1158 2798 1199 2808; x_wconf 91' lang='lat'><strong>--</strong></span> 
     </span>
     <span class='ocr_line' id='line_1_27' title="bbox 129 2844 1198 2916; baseline 0.001 -18"><span class='ocrx_word' id='word_1_221' title='bbox 129 2844 275 2899; x_wconf 84' lang='lat' dir='ltr'><strong>videretur.</strong></span> <span class='ocrx_word' id='word_1_222' title='bbox 289 2847 356 2899; x_wconf 81' lang='lat' dir='ltr'><strong>Don.</strong></span> <span class='ocrx_word' id='word_1_223' title='bbox 687 2847 751 2898; x_wconf 83' lang='lat' dir='ltr'><strong>Hoc.</strong></span> <span class='ocrx_word' id='word_1_224' title='bbox 764 2848 841 2899; x_wconf 86' lang='lat' dir='ltr'><strong>Istam</strong></span> <span class='ocrx_word' id='word_1_225' title='bbox 853 2865 919 2901; x_wconf 90' lang='lat' dir='ltr'><strong>rem.</strong></span> <span class='ocrx_word' id='word_1_226' title='bbox 935 2847 1037 2898; x_wconf 88' lang='lat' dir='ltr'><strong>Volunt</strong></span> <span class='ocrx_word' id='word_1_227' title='bbox 1049 2848 1129 2916; x_wconf 78' lang='lat' dir='ltr'><strong>aliqui</strong></span> <span class='ocrx_word' id='word_1_228' title='bbox 1143 2866 1198 2899; x_wconf 89' lang='lat' dir='ltr'><strong>esse</strong></span> 
     </span>
     <span class='ocr_line' id='line_1_28' title="bbox 173 2924 1199 2996; baseline 0.002 -18"><span class='ocrx_word' id='word_1_229' title='bbox 173 2944 217 2993; x_wconf 90' lang='lat'><strong>90.</strong></span> <span class='ocrx_word' id='word_1_230' title='bbox 236 2926 337 2978; x_wconf 84' lang='lat' dir='ltr'><strong>Omnem</strong></span> <span class='ocrx_word' id='word_1_231' title='bbox 348 2927 432 2993; x_wconf 85' lang='lat' dir='ltr'><strong>famil.</strong></span> <span class='ocrx_word' id='word_1_232' title='bbox 455 2924 564 2978; x_wconf 86' lang='lat' dir='ltr'><strong>Omittit</strong></span> <span class='ocrx_word' id='word_1_233' title='bbox 582 2927 642 2995; x_wconf 75' lang='lat' dir='ltr'><strong>Bip.</strong></span> <span class='ocrx_word' id='word_1_234' title='bbox 686 2924 843 2978; x_wconf 87' lang='lat' dir='ltr'><strong>adverbium</strong></span> <span class='ocrx_word' id='word_1_235' title='bbox 858 2925 923 2987; x_wconf 87' lang='lat' dir='ltr'><strong>loci,</strong></span> <span class='ocrx_word' id='word_1_236' title='bbox 939 2945 988 2996; x_wconf 89' lang='lat' dir='ltr'><strong>pro</strong></span> <span class='ocrx_word' id='word_1_237' title='bbox 1006 2927 1059 2978; x_wconf 74' lang='lat' dir='ltr'><strong>loto.</strong></span> <span class='ocrx_word' id='word_1_238' title='bbox 1079 2927 1199 2980; x_wconf 85' lang='lat' dir='ltr'><strong>Firmant</strong></span> 
     </span>
     <span class='ocr_line' id='line_1_29' title="bbox 129 2996 1196 3076; baseline 0.001 -20"><span class='ocrx_word' id='word_1_239' title='bbox 129 3025 221 3057; x_wconf 81' lang='lat' dir='ltr'><strong>omnem</strong></span> <span class='ocrx_word' id='word_1_240' title='bbox 238 3006 305 3058; x_wconf 87' lang='lat' dir='ltr'><strong>forte</strong></span> <span class='ocrx_word' id='word_1_241' title='bbox 320 3023 368 3076; x_wconf 86' lang='lat' dir='ltr'><strong>per</strong></span> <span class='ocrx_word' id='word_1_242' title='bbox 383 3006 589 3075; x_wconf 82' lang='lat' dir='ltr'><strong>incogitantiam.</strong></span> <span class='ocrx_word' id='word_1_243' title='bbox 603 3035 643 3048; x_wconf 88' lang='lat'><strong>--</strong></span> <span class='ocrx_word' id='word_1_244' title='bbox 687 3006 843 3058; x_wconf 84' lang='lat' dir='ltr'><strong>auctoritate</strong></span> <span class='ocrx_word' id='word_1_245' title='bbox 850 2996 1078 3057; x_wconf 85' lang='lat' dir='ltr'><strong>Serviiinversum</strong></span> <span class='ocrx_word' id='word_1_246' title='bbox 1089 3007 1196 3067; x_wconf 66' lang='lat' dir='ltr'><strong>tattih.</strong></span> 
     </span>
     <span class='ocr_line' id='line_1_30' title="bbox 128 3083 1197 3157; baseline 0 -20"><span class='ocrx_word' id='word_1_247' title='bbox 128 3087 228 3156; x_wconf 82' lang='lat' dir='ltr'><strong>Ipsum,</strong></span> <span class='ocrx_word' id='word_1_248' title='bbox 242 3085 370 3137; x_wconf 83' lang='lat' dir='ltr'><strong>dominum.</strong></span> <span class='ocrx_word' id='word_1_249' title='bbox 385 3086 486 3138; x_wconf 87' lang='lat' dir='ltr'><strong>Iterum</strong></span> <span class='ocrx_word' id='word_1_250' title='bbox 503 3103 643 3155; x_wconf 73' lang='lat' dir='ltr'><strong>suppressa</strong></span> <span class='ocrx_word' id='word_1_251' title='bbox 686 3085 755 3136; x_wconf 82' lang='lat' dir='ltr'>VIII</span> <span class='ocrx_word' id='word_1_252' title='bbox 786 3083 930 3138; x_wconf 85' lang='lat' dir='ltr'><strong>AEneidos:</strong></span> <span class='ocrx_word' id='word_1_253' title='bbox 952 3085 1026 3136; x_wconf 75' lang='lat' dir='ltr'><strong>«Hoc</strong></span> <span class='ocrx_word' id='word_1_254' title='bbox 1040 3097 1104 3138; x_wconf 91' lang='lat' dir='ltr'><strong>tunc</strong></span> <span class='ocrx_word' id='word_1_255' title='bbox 1124 3087 1197 3157; x_wconf 83' lang='lat' dir='ltr'><strong>igni·</strong></span> 
     </span>
     <span class='ocr_line' id='line_1_31' title="bbox 129 3163 1193 3236; baseline -0.003 -20"><span class='ocrx_word' id='word_1_256' title='bbox 129 3165 643 3236; x_wconf 79' lang='lat' dir='ltr'><strong>estlnlamispersono.Don.-Atqueom-</strong></span> <span class='ocrx_word' id='word_1_257' title='bbox 687 3178 782 3233; x_wconf 85' lang='lat' dir='ltr'><strong>potens</strong></span> <span class='ocrx_word' id='word_1_258' title='bbox 802 3165 866 3217; x_wconf 73' lang='lat' dir='ltr'><strong>caelo</strong></span> <span class='ocrx_word' id='word_1_259' title='bbox 887 3163 1023 3216; x_wconf 87' lang='lat' dir='ltr'><strong>descendit</strong></span> <span class='ocrx_word' id='word_1_260' title='bbox 1046 3164 1079 3214; x_wconf 89' lang='lat' dir='ltr'><strong>ab</strong></span> <span class='ocrx_word' id='word_1_261' title='bbox 1102 3165 1169 3232; x_wconf 85' lang='lat' dir='ltr'><strong>alto;</strong></span> <span class='ocrx_word' id='word_1_262' title='bbox 1182 3192 1193 3213; x_wconf 75' lang='lat'><strong>»</strong></span> 
     </span>
     <span class='ocr_line' id='line_1_32' title="bbox 130 3244 1196 3314; baseline 0.004 -19"><span class='ocrx_word' id='word_1_263' title='bbox 130 3245 314 3311; x_wconf 78' lang='lat' dir='ltr'><strong>memsamt&#39;liam,</strong></span> <span class='ocrx_word' id='word_1_264' title='bbox 321 3248 373 3297; x_wconf 82' lang='lat' dir='ltr'><strong>Aut</strong></span> <span class='ocrx_word' id='word_1_265' title='bbox 375 3246 555 3314; x_wconf 80' lang='lat' dir='ltr'><strong>familiampro</strong></span> <span class='ocrx_word' id='word_1_266' title='bbox 562 3244 643 3296; x_wconf 83' lang='lat' dir='ltr'><strong>servis</strong></span> <span class='ocrx_word' id='word_1_267' title='bbox 687 3245 780 3311; x_wconf 90' lang='lat' dir='ltr'><strong>quoin</strong></span> <span class='ocrx_word' id='word_1_268' title='bbox 796 3261 872 3296; x_wconf 85' lang='lat' dir='ltr'><strong>versu</strong></span> <span class='ocrx_word' id='word_1_269' title='bbox 891 3245 934 3294; x_wconf 84' lang='lat' dir='ltr'><strong>ltoo</strong></span> <span class='ocrx_word' id='word_1_270' title='bbox 951 3262 1001 3313; x_wconf 88' lang='lat' dir='ltr'><strong>pro</strong></span> <span class='ocrx_word' id='word_1_271' title='bbox 1016 3245 1061 3294; x_wconf 65' lang='lat' dir='ltr'><strong>leuc</strong></span> <span class='ocrx_word' id='word_1_272' title='bbox 1077 3246 1196 3314; x_wconf 86' lang='lat' dir='ltr'><strong>ponitur.</strong></span> 
     </span>
     <span class='ocr_line' id='line_1_33' title="bbox 128 3322 1063 3394; baseline -0.001 -19"><span class='ocrx_word' id='word_1_273' title='bbox 128 3324 236 3375; x_wconf 88' lang='lat' dir='ltr'><strong>lenonis</strong></span> <span class='ocrx_word' id='word_1_274' title='bbox 246 3322 325 3388; x_wconf 78' lang='lat' dir='ltr'><strong>dicit,</strong></span> <span class='ocrx_word' id='word_1_275' title='bbox 336 3337 381 3378; x_wconf 79' lang='lat' dir='ltr'><strong>aut</strong></span> <span class='ocrx_word' id='word_1_276' title='bbox 391 3343 441 3394; x_wconf 88' lang='lat' dir='ltr'><strong>pro</strong></span> <span class='ocrx_word' id='word_1_277' title='bbox 453 3324 643 3376; x_wconf 89' lang='lat' dir='ltr'><strong>meretricibus.</strong></span> <span class='ocrx_word' id='word_1_278' title='bbox 686 3322 742 3376; x_wconf 81' lang='lat' dir='ltr'><strong>Jut.</strong></span> <span class='ocrx_word' id='word_1_279' title='bbox 755 3355 793 3363; x_wconf 95' lang='lat'><strong>—-</strong></span> <span class='ocrx_word' id='word_1_280' title='bbox 809 3323 954 3374; x_wconf 76' lang='lat' dir='ltr'><strong>Adtem&#39;ertti</strong></span> <span class='ocrx_word' id='word_1_281' title='bbox 966 3342 980 3374; x_wconf 91' lang='lat' dir='ltr'><strong>e</strong></span> <span class='ocrx_word' id='word_1_282' title='bbox 993 3342 1063 3375; x_wconf 88' lang='lat' dir='ltr'><strong>rure.</strong></span> 
     </span>
     <span class='ocr_line' id='line_1_34' title="bbox 130 3402 1196 3472; baseline 0.004 -19"><span class='ocrx_word' id='word_1_283' title='bbox 130 3403 208 3456; x_wconf 80' lang='lat' dir='ltr'><strong>Idem.</strong></span> <span class='ocrx_word' id='word_1_284' title='bbox 728 3409 774 3471; x_wconf 70' lang='lat'><strong>94.</strong></span> <span class='ocrx_word' id='word_1_285' title='bbox 801 3402 905 3453; x_wconf 69' lang='lat' dir='ltr'><strong>Dixere!</strong></span> <span class='ocrx_word' id='word_1_286' title='bbox 927 3404 1096 3472; x_wconf 78' lang='lat' dir='ltr'><strong>Interrogant</strong></span> <span class='ocrx_word' id='word_1_287' title='bbox 1120 3405 1196 3458; x_wconf 85' lang='lat' dir='ltr'><strong>Rent.</strong></span> 
     </span>
     <span class='ocr_line' id='line_1_35' title="bbox 173 3481 1197 3552; baseline 0.003 -19"><span class='ocrx_word' id='word_1_288' title='bbox 173 3481 356 3550; x_wconf 82' lang='lat' dir='ltr'><strong>91.Muloam&#39;t.</strong></span> <span class='ocrx_word' id='word_1_289' title='bbox 366 3481 408 3533; x_wconf 88' lang='lat' dir='ltr'><strong>Sic</strong></span> <span class='ocrx_word' id='word_1_290' title='bbox 416 3481 464 3532; x_wconf 89' lang='lat' dir='ltr'><strong>lib.</strong></span> <span class='ocrx_word' id='word_1_291' title='bbox 477 3501 549 3534; x_wconf 88' lang='lat' dir='ltr'><strong>omn.</strong></span> <span class='ocrx_word' id='word_1_292' title='bbox 562 3483 642 3551; x_wconf 86' lang='lat' dir='ltr'><strong>antiq.</strong></span> <span class='ocrx_word' id='word_1_293' title='bbox 687 3482 715 3531; x_wconf 94' lang='lat' dir='ltr'><strong>Z.</strong></span> <span class='ocrx_word' id='word_1_294' title='bbox 734 3483 791 3552; x_wconf 88' lang='lat' dir='ltr'><strong>Bip.</strong></span> <span class='ocrx_word' id='word_1_295' title='bbox 806 3514 845 3522; x_wconf 82' lang='lat'><em>-</em></span> <span class='ocrx_word' id='word_1_296' title='bbox 859 3481 934 3533; x_wconf 81' lang='lat' dir='ltr'><strong>Omni</strong></span> <span class='ocrx_word' id='word_1_297' title='bbox 940 3482 1037 3550; x_wconf 83' lang='lat' dir='ltr'><strong>populo.</strong></span> <span class='ocrx_word' id='word_1_298' title='bbox 1054 3481 1130 3534; x_wconf 92' lang='lat' dir='ltr'><strong>Bodl.</strong></span> <span class='ocrx_word' id='word_1_299' title='bbox 1142 3502 1197 3536; x_wconf 89' lang='lat' dir='ltr'><strong>uon</strong></span> 
     </span>
     <span class='ocr_line' id='line_1_36' title="bbox 130 3560 1199 3629; baseline 0.001 -16"><span class='ocrx_word' id='word_1_300' title='bbox 130 3563 164 3613; x_wconf 74' lang='lat' dir='ltr'><strong>lu</strong></span> <span class='ocrx_word' id='word_1_301' title='bbox 178 3562 210 3615; x_wconf 81' lang='lat' dir='ltr'><strong>C.</strong></span> <span class='ocrx_word' id='word_1_302' title='bbox 224 3561 259 3614; x_wconf 87' lang='lat' dir='ltr'><strong>G.</strong></span> <span class='ocrx_word' id='word_1_303' title='bbox 274 3580 310 3613; x_wconf 90' lang='lat' dir='ltr'><strong>m.</strong></span> <span class='ocrx_word' id='word_1_304' title='bbox 326 3573 352 3613; x_wconf 88' lang='lat' dir='ltr'><strong>et</strong></span> <span class='ocrx_word' id='word_1_305' title='bbox 371 3562 430 3612; x_wconf 87' lang='lat' dir='ltr'><strong>Hal.</strong></span> <span class='ocrx_word' id='word_1_306' title='bbox 444 3562 541 3612; x_wconf 75' lang='lat' dir='ltr'><strong>multat.</strong></span> <span class='ocrx_word' id='word_1_307' title='bbox 554 3560 600 3614; x_wconf 90' lang='lat' dir='ltr'><strong>sed</strong></span> <span class='ocrx_word' id='word_1_308' title='bbox 613 3562 642 3613; x_wconf 88' lang='lat' dir='ltr'><strong>P.</strong></span> <span class='ocrx_word' id='word_1_309' title='bbox 688 3560 804 3629; x_wconf 81' lang='lat' dir='ltr'><strong>agnoscit</strong></span> <span class='ocrx_word' id='word_1_310' title='bbox 816 3562 844 3613; x_wconf 79' lang='grc' dir='ltr'><strong>τὸ</strong></span> <span class='ocrx_word' id='word_1_311' title='bbox 856 3564 927 3612; x_wconf 87' lang='lat' dir='ltr'><strong>omm&#39;.</strong></span> <span class='ocrx_word' id='word_1_312' title='bbox 939 3592 979 3601; x_wconf 90' lang='lat'>—</span> <span class='ocrx_word' id='word_1_313' title='bbox 989 3562 1020 3611; x_wconf 85' lang='lat' dir='ltr'><strong>lm</strong></span> <span class='ocrx_word' id='word_1_314' title='bbox 1034 3581 1074 3612; x_wconf 86' lang='lat' dir='ltr'><strong>ore</strong></span> <span class='ocrx_word' id='word_1_315' title='bbox 1087 3574 1122 3612; x_wconf 85' lang='lat' dir='ltr'><strong>est</strong></span> <span class='ocrx_word' id='word_1_316' title='bbox 1134 3570 1199 3614; x_wconf 81' lang='lat' dir='ltr'><strong>ommi</strong></span> 
     </span>
     <span class='ocr_line' id='line_1_37' title="bbox 132 3639 1197 3712; baseline 0.003 -22"><span class='ocrx_word' id='word_1_317' title='bbox 132 3641 270 3694; x_wconf 80' lang='lat' dir='ltr'><strong>Victorius</strong></span> <span class='ocrx_word' id='word_1_318' title='bbox 283 3652 383 3703; x_wconf 87' lang='lat' dir='ltr'><strong>censet,</strong></span> <span class='ocrx_word' id='word_1_319' title='bbox 398 3640 445 3691; x_wconf 88' lang='lat' dir='ltr'><strong>uhi</strong></span> <span class='ocrx_word' id='word_1_320' title='bbox 458 3641 588 3702; x_wconf 85' lang='lat' dir='ltr'><strong>mulctare,</strong></span> <span class='ocrx_word' id='word_1_321' title='bbox 599 3652 645 3692; x_wconf 87' lang='lat' dir='ltr'><strong>aut</strong></span> <span class='ocrx_word' id='word_1_322' title='bbox 685 3640 784 3708; x_wconf 80' lang='lat' dir='ltr'><strong>populo.</strong></span> <span class='ocrx_word' id='word_1_323' title='bbox 798 3639 890 3692; x_wconf 86' lang='lat' dir='ltr'><strong>Factus</strong></span> <span class='ocrx_word' id='word_1_324' title='bbox 903 3651 941 3709; x_wconf 83' lang='lat' dir='ltr'><strong>est</strong></span> <span class='ocrx_word' id='word_1_325' title='bbox 956 3639 1036 3691; x_wconf 79' lang='lat' dir='ltr'><strong>totius</strong></span> <span class='ocrx_word' id='word_1_326' title='bbox 1051 3641 1145 3712; x_wconf 89' lang='lat' dir='ltr'><strong>populi</strong></span> <span class='ocrx_word' id='word_1_327' title='bbox 1159 3642 1197 3693; x_wconf 81' lang='lat' dir='ltr'><strong>la-</strong></span> 
     </span>
     <span class='ocr_line' id='line_1_38' title="bbox 133 3718 1198 3789; baseline -0.001 -18"><span class='ocrx_word' id='word_1_328' title='bbox 133 3721 235 3772; x_wconf 79' lang='lat' dir='ltr'><strong>multare</strong></span> <span class='ocrx_word' id='word_1_329' title='bbox 252 3721 282 3771; x_wconf 89' lang='lat' dir='ltr'><strong>in</strong></span> <span class='ocrx_word' id='word_1_330' title='bbox 301 3720 350 3772; x_wconf 87' lang='lat' dir='ltr'><strong>bac</strong></span> <span class='ocrx_word' id='word_1_331' title='bbox 365 3720 556 3788; x_wconf 84' lang='lat' dir='ltr'><strong>significatione</strong></span> <span class='ocrx_word' id='word_1_332' title='bbox 575 3720 644 3789; x_wconf 82' lang='lat' dir='ltr'><strong>lega·</strong></span> <span class='ocrx_word' id='word_1_333' title='bbox 689 3719 750 3770; x_wconf 85' lang='lat' dir='ltr'><strong>bula</strong></span> <span class='ocrx_word' id='word_1_334' title='bbox 765 3732 790 3771; x_wconf 92' lang='lat' dir='ltr'><strong>et</strong></span> <span class='ocrx_word' id='word_1_335' title='bbox 804 3719 918 3788; x_wconf 87' lang='lat' dir='ltr'><strong>querela.</strong></span> <span class='ocrx_word' id='word_1_336' title='bbox 929 3718 1025 3770; x_wconf 84' lang='lat' dir='ltr'><strong>Itidem</strong></span> <span class='ocrx_word' id='word_1_337' title='bbox 1035 3720 1138 3772; x_wconf 89' lang='lat' dir='ltr'><strong>Sallust.</strong></span> <span class='ocrx_word' id='word_1_338' title='bbox 1147 3744 1157 3764; x_wconf 72' lang='grc' dir='ltr'><strong>α</strong></span> <span class='ocrx_word' id='word_1_339' title='bbox 1168 3723 1198 3771; x_wconf 83' lang='lat' dir='ltr'><strong>Io</strong></span> 
     </span>
     <span class='ocr_line' id='line_1_39' title="bbox 133 3798 1196 3869; baseline -0.001 -18"><span class='ocrx_word' id='word_1_340' title='bbox 133 3813 193 3863; x_wconf 87' lang='lat' dir='ltr'><strong>tur,</strong></span> <span class='ocrx_word' id='word_1_341' title='bbox 213 3812 280 3852; x_wconf 91' lang='lat' dir='ltr'><strong>tunc</strong></span> <span class='ocrx_word' id='word_1_342' title='bbox 297 3798 441 3869; x_wconf 82' lang='lat' dir='ltr'><strong>legendum</strong></span> <span class='ocrx_word' id='word_1_343' title='bbox 457 3817 512 3851; x_wconf 89' lang='lat' dir='ltr'><strong>esse</strong></span> <span class='ocrx_word' id='word_1_344' title='bbox 531 3801 642 3850; x_wconf 69' lang='lat' dir='ltr'><strong>mamare.</strong></span> <span class='ocrx_word' id='word_1_345' title='bbox 689 3819 729 3849; x_wconf 81' lang='lat' dir='ltr'><strong>ore</strong></span> <span class='ocrx_word' id='word_1_346' title='bbox 749 3799 857 3868; x_wconf 73' lang='lat' dir='ltr'><strong>gentibus</strong></span> <span class='ocrx_word' id='word_1_347' title='bbox 873 3817 969 3867; x_wconf 81' lang='lat' dir='ltr'><strong>agens,</strong></span> <span class='ocrx_word' id='word_1_348' title='bbox 989 3800 1110 3868; x_wconf 88' lang='lat' dir='ltr'><strong>populo,</strong></span> <span class='ocrx_word' id='word_1_349' title='bbox 1131 3799 1196 3851; x_wconf 82' lang='lat' dir='ltr'><strong>civi-</strong></span> 
     </span>
     <span class='ocr_line' id='line_1_40' title="bbox 133 3877 766 3942; baseline -0.008 -12"><span class='ocrx_word' id='word_1_350' title='bbox 133 3877 199 3932; x_wconf 85' lang='lat' dir='ltr'><strong>Vid.</strong></span> <span class='ocrx_word' id='word_1_351' title='bbox 207 3880 324 3932; x_wconf 86' lang='lat' dir='ltr'><strong>Taubm.</strong></span> <span class='ocrx_word' id='word_1_352' title='bbox 333 3877 366 3930; x_wconf 79' lang='lat' dir='ltr'><strong>ad</strong></span> <span class='ocrx_word' id='word_1_353' title='bbox 376 3879 459 3930; x_wconf 89' lang='lat' dir='ltr'><strong>Plaut.</strong></span> <span class='ocrx_word' id='word_1_354' title='bbox 470 3879 585 3931; x_wconf 85' lang='lat' dir='ltr'><strong>Mostell.</strong></span> <span class='ocrx_word' id='word_1_355' title='bbox 595 3879 644 3942; x_wconf 89' lang='lat' dir='ltr'><strong>IV,</strong></span> <span class='ocrx_word' id='word_1_356' title='bbox 688 3878 743 3930; x_wconf 88' lang='lat' dir='ltr'><strong>tati.</strong></span> <span class='ocrx_word' id='word_1_357' title='bbox 756 3905 766 3925; x_wconf 79' lang='lat'>.</span> 
     </span>
     <span class='ocr_line' id='line_1_41' title="bbox 136 3956 1199 4026; baseline -0.001 -16"><span class='ocrx_word' id='word_1_358' title='bbox 136 3977 176 4022; x_wconf 82' lang='lat'><strong>11,</strong></span> <span class='ocrx_word' id='word_1_359' title='bbox 189 3957 487 4011; x_wconf 53' lang='lat' dir='ltr'><strong>adhud-Mulcavit.</strong></span> <span class='ocrx_word' id='word_1_360' title='bbox 499 3958 644 4022; x_wconf 85' lang='lat' dir='ltr'><strong>Laeeravit,</strong></span> <span class='ocrx_word' id='word_1_361' title='bbox 730 3958 776 4026; x_wconf 80' lang='lat'><strong>95.</strong></span> <span class='ocrx_word' id='word_1_362' title='bbox 798 3957 855 4009; x_wconf 82' lang='lat' dir='ltr'><strong>Non</strong></span> <span class='ocrx_word' id='word_1_363' title='bbox 866 3960 970 4022; x_wconf 83' lang='lat' dir='ltr'><strong>fratrom</strong></span> <span class='ocrx_word' id='word_1_364' title='bbox 991 3956 1067 4008; x_wconf 71' lang='lat' dir='ltr'><strong>videt.</strong></span> <span class='ocrx_word' id='word_1_365' title='bbox 1091 3957 1154 4008; x_wconf 85' lang='lat' dir='ltr'><strong>Mss.</strong></span> <span class='ocrx_word' id='word_1_366' title='bbox 1173 3969 1199 4009; x_wconf 89' lang='lat' dir='ltr'><strong>et</strong></span> 
     </span>
     <span class='ocr_line' id='line_1_42' title="bbox 135 4035 1207 4115; baseline -0.003 -26"><span class='ocrx_word' id='word_1_367' title='bbox 135 4038 278 4092; x_wconf 75' lang='lat' dir='ltr'><strong>mutilavit.</strong></span> <span class='ocrx_word' id='word_1_368' title='bbox 291 4071 331 4082; x_wconf 95' lang='lat'>—</span> <span class='ocrx_word' id='word_1_369' title='bbox 339 4038 416 4108; x_wconf 81' lang='lat' dir='ltr'><strong>Usque</strong></span> <span class='ocrx_word' id='word_1_370' title='bbox 427 4037 461 4089; x_wconf 83' lang='lat' dir='ltr'><strong>ad</strong></span> <span class='ocrx_word' id='word_1_371' title='bbox 470 4050 575 4092; x_wconf 87' lang='lat' dir='ltr'><strong>mortem.</strong></span> <span class='ocrx_word' id='word_1_372' title='bbox 587 4039 644 4091; x_wconf 88' lang='lat' dir='ltr'><strong>Ma·</strong></span> <span class='ocrx_word' id='word_1_373' title='bbox 690 4036 753 4090; x_wconf 82' lang='lat' dir='ltr'><strong>editi</strong></span> <span class='ocrx_word' id='word_1_374' title='bbox 770 4035 877 4107; x_wconf 86' lang='lat' dir='ltr'><strong>quidam</strong></span> <span class='ocrx_word' id='word_1_375' title='bbox 889 4037 984 4090; x_wconf 72' lang='lat' dir='ltr'><strong>‚vetusti</strong></span> <span class='ocrx_word' id='word_1_376' title='bbox 994 4048 1097 4105; x_wconf 69' lang='lat' dir='ltr'><strong>patrem,</strong></span> <span class='ocrx_word' id='word_1_377' title='bbox 1107 4037 1207 4115; x_wconf 49' lang='lat' dir='ltr'><strong>Wost,</strong></span> 
     </span>
    </p>
   </div>
   <div class='ocr_carea' id='block_1_4' title="bbox 1000 4129 1043 4213">
    <p class='ocr_par' dir='ltr' id='par_1_9' title="bbox 1000 4129 1043 4213">
     <span class='ocr_line' id='line_1_43' title="bbox 1000 4129 1043 4213; baseline 0 -46"><span class='ocrx_word' id='word_1_378' title='bbox 1000 4129 1043 4213; x_wconf 62' lang='lat'><strong>23</strong></span> 
     </span>
    </p>
   </div>
   <div class='ocr_carea' id='block_1_5' title="bbox 0 0 1338 4830">
    <p class='ocr_par' dir='ltr' id='par_1_10' title="bbox 0 0 1338 4830">
     <span class='ocr_line' id='line_1_44' title="bbox 0 0 1338 4830; baseline 0 0"><span class='ocrx_word' id='word_1_379' title='bbox 0 0 1338 4830; x_wconf 95' lang='lat' dir='ltr'><strong> </strong></span> 
     </span>
    </p>
   </div>
  </div>
 </body>
</html>
