2656 4830
197 407 239 453 ta
428 385 602 452 PUBLII
630 385 875 453 TERENTII
904 387 1024 454 AFRI

194 519 306 602 Uxor,
327 516 353 583 si
376 540 500 598 cesses,
522 530 580 583 aut
602 529 634 582 te
653 540 765 584 amare
788 519 932 612 cogitat,

194 626 261 690 Aut
277 635 342 690 tete
359 623 481 705 autari,
497 636 555 689 aut
572 636 706 716 potare,
728 637 826 723 atque
848 627 959 692 animo
982 624 1134 716 obsequi,

194 730 237 796 Et
255 728 315 796 tibi
333 727 417 795 bene
438 753 508 796 esse
528 728 609 811 soli,
628 729 689 796 sibi
710 755 812 822 quum
834 732 883 809 sit
895 729 990 798 rnale.

167 824 169 828 ὗ
194 838 284 928 Ego,
308 834 382 925 quia
403 859 471 901 non
493 834 588 904 rediit
609 833 713 921 filius,
730 832 945 929 queecogitol
1243 866 1269 907 ss

193 944 238 1009 Et
258 941 376 1033 quibus
395 965 484 1008 nunc
507 940 666 1010 sollicitor
686 937 797 1010 rebus!
816 942 866 1010 Ne
890 957 947 1010 erut
964 940 1018 1009 ille
1038 940 1167 1022 alserit,

195 1050 263 1114 Aut
283 1048 410 1139 uspiam
432 1046 606 1126 ceciderit,
629 1062 686 1115 aut
708 1048 913 1142 praefregerit

195 1151 337 1246 Aliquid.
356 1148 715 1246 ValrlQuemquamne
742 1154 910 1223 hominem
935 1157 969 1222 in
997 1154 1143 1221 animum
1175 1152 1269 1219 insti·

353 1273 463 1337 tuere,
482 1274 538 1326 aut

199 1495 265 1546 Perl.
279 1527 319 1536 -
329 1495 444 1546 Parentes
455 1499 563 1564 propitii.
572 1496 611 1548 Pii
621 1535 629 1560 ,
640 1495 710 1547 lilio·
754 1497 862 1558 Parare,
877 1495 950 1567 quod
963 1496 996 1547 sit
1007 1495 1108 1557 carius,
1122 1511 1202 1564 quam
1212 1493 1271 1564 ipse

198 1592 260 1626 rum
280 1572 406 1639 studiosi;
421 1586 448 1627 et
461 1574 590 1640 subaudi,
604 1580 712 1645 cogitant
754 1589 793 1628 est
807 1577 892 1628 sibit.
908 1577 1009 1628 Boecler.
1021 1607 1061 1617 -
1071 1574 1150 1625 Filias
1164 1571 1272 1644 adopti-

199 1657 290 1706 everire
302 1655 353 1705 tihi.
754 1672 817 1716 vus,
834 1675 929 1726 nempe
940 1655 1088 1707 AEschinus.
1100 1685 1139 1696 -—
1151 1655 1216 1722 Quoe
1230 1672 1273 1703 co·

241 1733 286 1786 32.
299 1732 328 1785 Si
341 1753 422 1784 cesses.
437 1733 526 1798 Quare
545 1753 616 1797 non,
632 1737 654 1785 si
667 1734 710 1784 ab·
754 1740 825 1804 gito!
844 1747 868 1786 et
887 1736 984 1807 quibus,
1009 1748 1059 1787 etc.
1076 1733 1138 1792 Hoc,
1150 1733 1186 1784 sic
1205 1752 1273 1802 pro·

200 1808 257 1864 sis?
266 1814 308 1864 An
325 1814 386 1883 quia
396 1815 489 1884 justius
503 1813 613 1865 cessanti
630 1832 712 1884 quam
755 1813 931 1866 nuntiandum
951 1828 1001 1877 est,
1018 1826 1047 1865 ut
1060 1811 1183 1865 videatur
1206 1813 1273 1864 hor·

204 1893 304 1946 absenti
318 1892 515 1944 succensemus?
526 1892 714 1962 Anquiairata
756 1912 814 1946 rere
826 1896 1011 1963 cogitationem
1025 1911 1108 1945 suam.

201 1991 279 2036 uxor,
287 1972 306 2023 si
317 1965 711 2035 cesseleon.--Auttedmare',
798 1975 843 2025 36.
860 1976 896 2025 Et
917 1974 982 2045 quib.-
1002 1993 1015 2025 a
1037 1973 1123 2022 tribus
1139 1971 1217 2022 Bent.
1235 1971 1276 2021 Et

201 2064 245 2102 ant
260 2064 306 2102 tete
321 2056 407 2125 amari.
426 2051 498 2103 «ltus
513 2053 580 2104 alius
590 2041 713 2104 ‘mulieris
756 2056 843 2114 abest;
861 2055 923 2105 item
942 2072 954 2103 a
972 2050 1060 2104 Guelf.
1080 2070 1105 2103 2.
1120 2083 1161 2092 -
1174 2049 1215 2101 Ne
1229 2061 1277 2100 aut

201 2150 290 2183 amore
303 2130 417 2183 detineri
430 2144 523 2193 te‚aut
534 2132 612 2182 aliam
625 2151 713 2183 amore
757 2134 798 2183 ille
813 2135 905 2183 alserit.
922 2133 997 2184 Nove
1015 2149 1137 2201 prorsus,
1152 2142 1178 2180 et
1195 2130 1274 2199 inge-

203 2212 241 2262 tui
257 2223 359 2280 captam
370 2228 434 2281 esse.
447 2235 457 2253 »
472 2209 561 2261 Pbaed.
574 2212 613 2276 II,
624 2229 671 2274 tr,
689 2231 713 2272 1,
757 2213 831 2263 niose
844 2212 959 2263 restituit
973 2210 1061 2262 locum
1075 2210 1163 2272 hunc,
1175 2206 1275 2278 depra-

202 2302 294 2351 ament,
311 2301 427 2340 amentur.
446 2321 480 2329 —
506 2290 597 2340 Minus
615 2290 714 2358 peccati
757 2303 856 2354 vatum,
870 2303 900 2342 ut
913 2304 1001 2360 putat,
1018 2289 1142 2352 Bothius,
1157 2287 1275 2358 legendo

203 2382 241 2421 est
265 2369 349 2420 amori
372 2367 483 2438 proprio
505 2367 611 2432 cedere,
634 2387 714 2436 quam
758 2390 787 2420 ne
798 2381 841 2420 aut
854 2371 954 2421 illiserit.
969 2400 1009 2409 —
1023 2370 1116 2438 Quibus
1128 2367 1204 2418 rebus.
1214 2367 1276 2419 Hoc

203 2449 289 2500 alieno
308 2447 393 2499 amori
419 2447 545 2517 obsequi,
567 2448 642 2499 nullo
666 2449 714 2498 im·
759 2461 813 2512 cst,
834 2468 913 2519 quam
933 2449 1022 2513 malis;
1044 2468 1114 2512 non,
1133 2460 1163 2499 ut
1187 2465 1275 2511 uxor,

205 2528 412 2597 pellentei⁵Ergo
429 2526 527 2588 αὔξησις
541 2540 588 2579 est.
601 2529 696 2578 Donat.
759 2548 839 2599 quam
856 2529 941 2580 bonis.
957 2562 997 2570 —
1011 2529 1051 2581 Ne
1064 2538 1108 2578 aut
1121 2527 1162 2576 ille
1177 2526 1274 2579 adserit.

246 2606 289 2660 33.
305 2608 360 2659 Aut
373 2618 418 2661 tete
427 2610 513 2657 autari.
523 2607 567 2658 Al.
581 2619 623 2658 ortt
633 2620 655 2657 te
667 2626 715 2658 am.
759 2609 856 2679 Algore
867 2607 1275 2679 diriguerit.—Fatemurequi·

202 2719 243 2730 --
254 2687 336 2759 Atque
348 2687 573 2756 artimoobsNalp.
586 2690 716 2738 autanimo
760 2687 821 2740 dem
838 2689 893 2739 fere
910 2708 958 2740 nos
977 2688 1074 2740 Bothio
1092 2686 1219 2737 assentire
1237 2685 1276 2736 le-

203 2767 254 2818 obs.
270 2800 309 2810 —
324 2767 414 2818 Animo
430 2760 589 2838 obsequi,'ut
605 2758 716 2829 dicitur,
759 2766 831 2838 genti
849 2786 877 2818 ne
891 2768 999 2831 illiserit,
1017 2764 1089 2837 quod
1102 2763 1212 2835 quidem
1233 2783 1276 2816 re-
1306 2768 1310 2773 ’

202 2849 274 2914 genio
291 2839 430 2916 indulgere,
450 2849 467 2898 i.
491 2866 513 2898 e.
532 2836 716 2917 voluptatibus
760 2847 826 2900 etius
837 2849 924 2917 primo
936 2859 1081 2916 conspectu
1092 2843 1208 2896 videtur.
1220 2843 1275 2896 Sed
1302 2889 1308 2898 .

204 2943 231 2976 se
245 2924 352 2976 dedere.
758 2941 868 2991 tamen,
897 2924 1147 2979 ‘ut'animadvertit
1174 2925 1274 2975 Donat.

245 3003 291 3066 34.
318 3002 372 3055 Sibi
390 3024 460 3076 quum
480 3009 513 3055 sit
532 3007 602 3057 male.
623 3006 715 3059 Plures
753 3007 905 3076 optimesic
913 3006 1067 3078 depingitur
1075 3017 1149 3075 pater
1157 3003 1275 3056 nimium

206 3083 266 3149 alii,
280 3103 350 3154 qaam
362 3084 409 3135 sibi
418 3085 577 3134 sirmate—
591 3085 647 3136 Tibi
659 3085 716 3136 bene
760 3105 863 3152 amans,
879 3087 946 3155 «qui
964 3087 1021 3138 haec
1037 3086 1065 3137 in
1078 3087 1174 3154 juvene
1188 3083 1275 3152 perti·
1318 3117 1320 3119 -

132 3163 136 3169 ’
204 3183 261 3216 csse.
278 3163 375 3215 Omnia
391 3164 438 3215 tibi
454 3162 591 3231 deliciose,
607 3164 716 3217 feliciter
741 3181 743 3184 ·
759 3167 867 3229 mescit,
878 3185 936 3236 quae
946 3167 1016 3217 circa
1026 3164 1172 3216 infantulos
1184 3163 1275 3214 caveri

205 3242 353 3296 succedere.
760 3246 845 3298 solent
851 3265 858 3309 ;
870 3270 881 3290 n
900 3246 926 3297 et
941 3244 1013 3295 idem
1028 3245 1073 3295 ille
1088 3243 1171 3313 patris
1186 3253 1276 3293 metus

248 3322 368 3391 35.Ego.
376 3322 437 3375 Plus
446 3321 566 3392 estquod
574 3322 641 3375 dixit
648 3325 717 3392 Ego,
760 3325 879 3377 occurrit
894 3323 966 3393 apud
981 3325 1118 3386 Plautum,
1132 3320 1256 3373 inMilite
1264 3361 1273 3384 ,

206 3421 286 3471 quam
304 3403 326 3454 si
343 3401 443 3464 diceret
461 3404 544 3454 Pater.
565 3405 662 3456 Donat.
677 3434 716 3444 -
760 3405 857 3470 111,1,
877 3409 928 3466 124
944 3421 950 3455 :
968 3431 978 3472 t
984 3404 1047 3469 Pol,
1072 3403 1093 3453 si
1105 3401 1275 3463 habuissem,

208 3484 274 3551 Quia
285 3501 332 3532 non
345 3483 418 3533 rediit
420 3481 502 3552 filius,
517 3495 583 3547 ete,
597 3501 654 3553 sqq.
667 3482 716 3534 His
728 3495 742 3511 ’
761 3484 822 3537 satis
837 3484 963 3554 cepissem
978 3482 1145 3536 miseriarum
1161 3480 1275 3532 liberis:

204 3561 322 3631 quinque
330 3563 463 3626 versibus,
473 3563 599 3632 singulari
609 3563 716 3634 ἐνεργείᾳ
761 3560 1278 3629 Censerememori,cccidisseti1eebrius

205 3636 335 3694 dissensui
349 3655 474 3694 curamet
488 3643 613 3695 affectum
624 3643 715 3713 patris.
760 3656 807 3696 aut
825 3643 858 3696 de
883 3634 953 3715 equo
970 3643 1088 3714 uspiam;
1105 3641 1276 3704 illetuerem,

209 3720 320 3791 «Neque
345 3723 418 3773 enim
443 3716 549 3792 ⁴patrius
576 3724 716 3775 consistere
760 3742 810 3776 nec
827 3723 874 3776 ubi
887 3724 1028 3793 deflagisset
1041 3738 1134 3784 crura,
1152 3731 1197 3770 aut
1216 3737 1277 3771 cer·

207 3812 324 3852 mentem
344 3801 436 3853 Passus
452 3798 663 3873 amon-'Usque
683 3801 716 3853 ad
761 3805 831 3857 vices
846 3802 928 3855 sibi.»
996 3867 998 3872 Ι

207 3898 339 3932 summum
349 3881 444 3932 extulit
454 3883 482 3934 ri
493 3883 569 3942 πάθος
578 3883 624 3934 illa
632 3882 717 3952 inopi·
804 3885 850 3954 37.
861 3884 1025 3952 Praefregerit.
1033 3880 1077 3951 Sic
1086 3879 1131 3933 Fa.
1139 3893 1165 3932 at
1171 3878 1276 3931 Erasm.

206 3955 288 4010 nibili
310 3961 436 4013 sententia
461 3979 467 4012 ε
495 3963 718 4032 uQuemquamne
759 3966 910 4033 perfregerit.
919 3965 1000 4031 Valp.
1013 3963 1089 4031 persa.
1177 3997 1180 4000 ·

202 4036 339 4090 hominem
357 4040 384 4091 in
399 4040 489 4093 animo
503 4043 654 4106 instituere,
671 4056 718 4095 aut
804 4047 848 4096 38.
876 4044 905 4094 Iu
931 4046 1034 4094 animum
1067 4043 1195 4093 instituere.
1223 4036 1277 4089 Ms.
